2674 3699
1312 333 1409 384 XII

174 470 422 529 Ganymede
449 470 638 529 leporem
666 480 738 516 aut
764 487 888 516 ovem
917 473 1005 515 lovi
1035 471 1290 518 afferendam
1324 475 1452 518 fuisse
1480 473 1691 530 posueris,
1727 472 1822 529 quis
1851 469 1994 513 dixerit
2018 470 2195 527 aquilam
2220 469 2389 515 fidelem
2418 472 2546 515 fuisse

172 552 215 592 iu
241 549 375 603 lepore
400 554 473 591 aut
496 552 600 591 ove?
653 548 800 608 ltaque
826 550 912 592 boc
937 549 1136 591 orationis
1160 550 1302 594 vitium
1331 548 1523 606 equidem
1548 562 1632 592 uon
1653 548 1829 591 Horatio
1858 546 2084 591 tribuerim.
2140 548 2335 604 Denique
2357 550 2546 603 Iuppiter

171 639 323 668 nomen
351 639 446 668 eum
478 637 532 667 eo
559 639 649 683 quo
676 627 855 682 positum
883 632 945 667 est
969 624 1068 667 loco
1097 640 1191 667 cum
1219 625 1407 682 pondere
1428 625 1610 681 quodam
1637 624 1823 668 additum
1848 639 1939 667 esse
1964 623 2135 672 debeat,
2169 632 2304 668 tamen
2331 625 2413 667 boc
2434 639 2542 681 pon·-

170 702 272 745 dere
287 710 591 759 prorsuscaret
611 717 660 744 ae
679 704 803 758 magis
828 710 870 744 ut
894 715 1040 743 versus
1066 701 1305 758 expleretur
1328 701 1531 744 adiectum
1555 701 1729 743 videtur.
1785 702 1934 757 Neque
1951 703 2078 750 enim,
2106 708 2153 743 ut
2175 714 2262 744 non
2288 704 2429 757 inepte
2444 717 2483 744 v.
2503 703 2542 745 2.

169 794 243 821 rex
268 780 437 821 deorum
466 786 506 822 et
532 782 778 834 regnum-in
804 793 895 819 aves
922 787 1251 835 componuntur,
1278 780 1337 820 sic
1363 793 1400 820 v.
1427 778 1454 820 4
1492 780 1623 820 Iovem
1645 791 1738 819 oum
1767 780 1994 832 Ganymede
2015 779 2293 832 compositum
2320 779 2495 840 dixeris.¹

257 864 418 908 Videre
440 866 587 907 Rhaeti
616 863 725 906 bella
752 864 831 906 sub
860 864 1038 921 Alpibus
1394 867 1594 906 Doctrina
1618 866 1689 907 sed
1713 867 1795 906 vim
1816 870 2013 917 procreat
2038 866 2223 913 insitam,

258 932 441 973 Drusum
469 936 675 985 gerentem
706 929 936 977 Vindelici;
979 931 1124 984 quibus
1396 931 1592 983 Rectique
1617 932 1751 971 cultus
1778 936 1946 983 pectora
1975 930 2185 978 roborant,-

310 999 403 1038 Mos
426 997 537 1037 unde
562 996 755 1037 deductus
777 1008 855 1049 per
878 1008 997 1038 omne
1452 996 1664 1047 Utcunque
1689 995 1873 1050 defecere
1899 1008 2040 1045 mores,
2381 996 2447 1038 35.

369 1063 546 1115 Tempus
569 1062 800 1103 hnasonia
827 1064 966 1103 securi
1254 1061 1318 1103 20.
1501 1061 1746 1102 Indecorant
1769 1060 1864 1101 bene
1889 1065 1991 1101 nata
2014 1060 2168 1113 culpae.

253 1150 430 1189 Dextras
453 1148 654 1198 obmmet,
683 1161 874 1202 quaerere
899 1149 1073 1196 distilli,·
1395 1144 1514 1201 Quid
1541 1145 1714 1198 debeas,
1743 1158 1770 1189 o
1798 1146 1957 1197 Roma,
1996 1145 2250 1199 Neronibus,

250 1215 336 1254 Nee
360 1215 464 1254 seire
479 1214 562 1268 fas
587 1221 648 1254 est
671 1217 810 1255 omnia
818 1234 832 1262 ,·
877 1215 949 1255 sed
983 1212 1056 1254 diu
1397 1213 1532 1254 Testis
1559 1213 1792 1255 Metaurum
1819 1212 1975 1254 ssumeu
2003 1220 2045 1255 et
2073 1212 2307 1255 Hasdrubal

308 1279 497 1336 Lateque
524 1281 713 1322 victrices
742 1287 930 1322 catervae
1449 1279 1652 1320 Devictus
1680 1286 1721 1321 et
1749 1278 1921 1334 pulcher
1947 1278 2093 1335 fugatis

361 1343 560 1388 Consiliis
587 1346 747 1388 iuvenis
776 1347 956 1388 revictae
1502 1343 1578 1386 Ille
1606 1343 1693 1387 dies
1721 1344 1842 1387 Latio
1872 1343 2068 1394 tenebris,
2382 1345 2445 1386 40.

255 1431 450 1482 Sensere,
480 1430 580 1487 quid
608 1444 723 1473 mens
752 1433 851 1481 rite,
880 1429 981 1486 quid
1010 1430 1175 1474 indoles
1252 1432 1337 1474 25.-
1400 1431 1483 1477 Qui
1499 1432 1661 1484 primus
1686 1432 1796 1473 alma
1820 1432 1918 1472 risit
1942 1431 2103 1481 adorea,

254 1497 420 1538 Nutrita
448 1496 590 1537 faustis
618 1495 698 1537 sub
727 1495 1008 1552 penetralibus
1394 1498 1524 1537 Diras
1545 1510 1623 1548 per
1649 1496 1765 1537 urbes
1791 1497 1899 1549 Afer
1925 1502 1975 1536 ut
2000 1497 2125 1536 Italas

308 1562 475 1612 Posset,
503 1560 605 1619 quid
635 1563 809 1617 Augusti
838 1567 1034 1617 paternus
1451 1561 1532 1604 Ceu
1548 1562 1726 1618 flamma
1743 1575 1824 1615 per
1851 1562 1988 1602 taedas
2012 1563 2077 1602 vel
2096 1564 2235 1602 Eurus

360 1626 406 1668 In
434 1641 590 1682 pueros
619 1629 777 1669 animus
806 1628 1010 1669 Nerones.
1500 1629 1582 1668 Per
1607 1628 1766 1668 Siculas
1793 1628 1992 1680 equitavit
2016 1627 2159 1667 undas.

253 1716 399 1756 Fortes
424 1720 618 1755 creantur
633 1715 825 1769 fortibus
852 1721 893 1756 et
919 1715 1050 1762 bonis;
1393 1715 1490 1756 Post
1513 1715 1587 1756 hoe
1610 1714 1797 1756 secundis
1821 1727 1945 1767 usque
1970 1712 2170 1754 laboribus
2378 1715 2443 1755 45.

252 1782 327 1819 Est
353 1782 401 1819 in
427 1782 623 1830 iuvencis,
651 1786 710 1821 est
734 1783 782 1820 in
810 1783 921 1832 equis
941 1786 1114 1833 patrum
1248 1782 1316 1825 3⁰.
1392 1781 1575 1821 Romana
1593 1779 1721 1833 pubes
1745 1780 1891 1830 crem‘t,
1926 1784 1966 1819 et
1998 1780 2125 1832 impio

316 1846 477 1895 Virtus,
502 1859 631 1897 neque
658 1845 851 1887 imbellem
867 1846 1035 1899 feroces
1455 1847 1620 1887 Vastata
1645 1846 1872 1885 Poenorum
1905 1845 2085 1884 tumultu

362 1911 647 1964 Progenerant
670 1912 832 1964 aquilae
857 1911 1088 1954 columbam.
1497 1913 1617 1952 Fana
1643 1912 1733 1952 deos
1758 1910 1930 1951 habuere
1956 1915 2106 1957 rectos;

825 1999 1020 2055 Dixitque
1047 1998 1211 2042 tandem
1240 1999 1426 2056 perfidus
1453 1998 1659 2042 Hannibal
1688 2005 1781 2041 cett.

346 2095 523 2138 Primum
551 2097 692 2139 eiectis
718 2096 856 2140 verbis
883 2098 1028 2152 quibus
1043 2122 1095 2131 -
1110 2102 1242 2141 omnia
1267 2115 1331 2141 vv.
1360 2100 1553 2142 18-22.
1581 2100 1683 2141 baec
1708 2105 1865 2141 tautum
1893 2093 2064 2140 Horatii
2082 2111 2197 2140 esse:

830 2188 975 2228 Videre
999 2189 1154 2229 Rhaeti
1177 2189 1277 2230 bella
1302 2188 1374 2229 sub
1401 2188 1573 2241 Alpibus

820 2254 1004 2295 Drusum
1026 2260 1236 2308 gerentem
1271 2254 1493 2297 Vindelici.-
1528 2259 1569 2295 et
1593 2254 1664 2295 diu

886 2321 1070 2372 Lateque
1095 2322 1281 2361 victrioes
1307 2326 1491 2361 catervae

954 2388 1142 2428 Consiliis
1166 2388 1327 2427 iuvenis
1352 2388 1529 2427 revictae
1582 2386 1750 2426 Sensere
1779 2390 1874 2425 cett.
2142 2439 2147 2443 ¹

164 2485 260 2512 cum
287 2472 367 2513 iam
396 2485 419 2512 a
445 2472 580 2514 multis
608 2480 700 2515 aute
727 2473 1057 2529 Peerlkampium
1083 2472 1335 2515 intellectum
1364 2473 1415 2513 sit
1441 2473 1575 2526 iisque
1597 2473 1845 2527 argumentis
1871 2471 2216 2525 demonstratum,
2245 2488 2353 2532 quae
2379 2474 2534 2518 nullum

165 2547 385 2591 dubitandi
410 2547 549 2590 locum
576 2549 872 2606 relinquerent,
912 2564 967 2593 ne
994 2548 1168 2592 verbum
1195 2548 1363 2605 quidem
1390 2548 1486 2590 mihi
1513 2546 1749 2591 addendum
1770 2547 1947 2592 videtur.
1973 2574 2018 2582 —
2081 2549 2229 2593 Paullo
2258 2558 2356 2607 post
2383 2553 2416 2593 si
2443 2566 2537 2594 ver-

164 2625 280 2669 sibus
305 2625 480 2667 29-36.
509 2627 667 2667 omissis
691 2625 868 2683 legatur:
911 2628 1096 2676 Sensere,
1130 2628 1234 2680 quid
1257 2641 1369 2668 mens
1396 2628 1498 2673 rite,
1543 2627 1646 2679 quid
1677 2627 1830 2669 indoles
1865 2627 2038 2669 Nutrita
2052 2628 2219 2681 faustis
2251 2616 2536 2683 sub-penetra-

161 2703 269 2746 labus
293 2705 449 2753 Posset,
477 2703 578 2757 quid
609 2703 791 2757 Aug-usti
806 2710 1009 2759 paternus
1063 2705 1121 2746 In
1141 2718 1292 2758 pueros
1317 2706 1481 2745 animus
1515 2704 1755 2745 Nerones.
1815 2705 1926 2752 Quid
1950 2703 2110 2754 debeas,
2145 2717 2169 2745 o
2203 2706 2348 2757 Roma,
2383 2707 2533 2749 Nero-

160 2782 327 2832 nibus,
367 2782 500 2823 Testis
523 2781 763 2822 Metaurum
779 2784 943 2838 flumen
970 2788 1011 2823 et
1033 2782 1271 2824 Hasdrubal
1292 2784 1485 2824 Devictus
1513 2788 1620 2831 cett„
1656 2794 1778 2823 nemo
1808 2781 1956 2830 fuerit,
1986 2782 2158 2835 opinor,
2188 2783 2255 2823 cui
2285 2784 2418 2824 oratio
2447 2797 2535 2825 non

160 2859 271 2902 bene
296 2871 392 2902 esse
416 2858 554 2900 vincta
580 2858 888 2916 sententiaeque
915 2864 1013 2914 apte
1040 2857 1271 2914 procedere
1296 2856 1525 2900 videantur.
1583 2858 1636 2899 At
1661 2870 1771 2900 nuuc
1791 2871 1925 2901 nexus
1951 2871 2090 2900 earum
2116 2858 2383 2902 incommode
2409 2862 2534 2904 inter-

158 2938 362 2993 rumpitur
378 2935 541 2979 insertis
563 2932 729 2977 duabus
750 2936 928 2991 strophis
957 2937 1044 2989 (vv.
1065 2934 1264 2988 29—36.)
1293 2942 1408 2978 tanto
1427 2934 1750 2985 molestioribus,
1777 2935 1875 2990 quia
1893 2934 1992 2976 nihil
2014 2934 2192 2977 afferunt
2210 2935 2328 2991 quod
2350 2951 2436 2981 non
2454 2941 2532 2982 iam

159 3014 350 3070 proxime
374 3010 654 3055 antecedente
678 3011 849 3068 stropha
873 3017 957 3063 (vv.
984 3012 1179 3064 25—28)
1205 3013 1304 3055 satis
1331 3014 1383 3054 sit
1409 3010 1653 3062 indicatum,
1690 3013 1767 3054 nisi
1793 3009 1909 3068 quod
1938 3011 2203 3068 generalibus
2229 3015 2438 3057 sententiis
2465 3030 2532 3059 res

158 3089 396 3133 illustratur.
446 3088 594 3145 ltaque
619 3090 698 3132 etsi
722 3087 818 3130 illae
840 3091 1068 3132 sententiae
1093 3092 1265 3140 (Fortes
1290 3095 1485 3131 creantur
1499 3112 1554 3121 —
1570 3090 1737 3143 culpae)
1756 3102 1833 3145 per
1855 3102 1901 3130 se
1921 3090 2034 3145 ipsae
2056 3102 2194 3145 neque
2217 3087 2272 3131 ab
2293 3089 2533 3136 elocutione

159 3169 202 3210 in
227 3165 353 3210 ullam
380 3168 595 3210 incurrunt
614 3164 998 3222 reprehensionem,
1024 3178 1163 3222 neque
1174 3167 1292 3209 nimis
1309 3164 1595 3221 exagitandum
1615 3172 1679 3208 est
1699 3164 1822 3218 illud,
1851 3165 1970 3224 quod
1993 3179 2082 3209 non
2102 3178 2267 3222 semper
2286 3165 2418 3210 fortes
2443 3182 2531 3210 ere·

162 3250 282 3287 cumr
307 3258 333 3286 a
358 3242 537 3287 fortibus
562 3250 607 3286 et
632 3242 758 3286 bonis
787 3243 956 3293 (multae
984 3245 1091 3286 enim
1117 3242 1320 3286 eiusmodi
1340 3244 1563 3285 sententiae
1590 3256 1676 3285 non
1703 3241 1757 3284 ab
1779 3242 1893 3286 omni
1922 3249 2038 3300 parte
2062 3256 2185 3285 verae
2213 3250 2310 3287 aaut
2337 3251 2378 3287 et
2405 3244 2527 3288 buius

162 3318 331 3377 quidem
351 3333 439 3364 nou
460 3323 582 3377 pauci
595 3322 704 3365 inter
718 3318 909 3364 Graecos
924 3319 1093 3363 fuerunt
1120 3322 1352 3373 auctores);
1381 3327 1518 3363 tamen
1532 3317 1631 3361 mibi
1650 3323 1775 3372 certe,
1803 3320 1839 3362 si
1860 3321 1949 3376 ipse
1965 3319 2164 3362 Horatius
2186 3318 2290 3363 baec
2304 3322 2528 3377 scripserit,
