2674 3699
1301 340 1419 389 VIII

166 481 247 524 illis
274 481 464 524 versibus
493 483 654 524 omissis
683 480 912 540 quidquam
942 481 1172 523 desideret?
1225 480 1343 539 Quid
1372 483 1479 525 enim
1507 482 1614 525 inter
1649 483 1756 524 vitae
1793 480 1964 539 periculi
1999 487 2040 524 et
2075 481 2219 523 mortis
2255 481 2546 536 cogitationem

165 566 308 616 potest
343 558 633 601 intercedere?
686 558 827 617 Atque
863 560 977 616 ipsae
1012 557 1105 600 illae
1139 560 1366 602 sententiae
1402 561 1638 602 interiectae
1672 572 1726 601 ne
1763 565 1878 601 recte
1914 557 2082 616 quidem
2120 563 2218 599 sunt
2248 555 2396 599 dictae.
2459 556 2549 600 Sed

164 635 376 679 videamus
404 634 606 691 singula..
646 635 760 682 Quid
791 637 958 690 quisque
989 637 1111 692 nitet,
1149 650 1362 692 nunquam
1401 637 1561 678 homini
1590 638 1690 677 satis
1724 640 1893 676 cautum
1911 640 1989 676 -est
2020 637 2069 677 in
2101 635 2231 678 horas.
2295 634 2344 676 In
2378 633 2457 676 his·
2477 641 2548 677 aut

163 715 331 764 quisque
366 717 437 752 aut
473 712 636 752 homini
666 710 771 753 falso
809 719 851 753 et
886 714 1022 768 inepte
1055 709 1253 755 additum.
1327 712 1437 755 Cum
1475 714 1582 754 enim
1621 725 1707 754 non
1746 710 1830 752 boc
1867 709 2024 752 dictum
2049 724 2170 753 esse·
2195 712 2351 767 possit,
2378 711 2548 752 nemini

163 802 346 846 unquam
375 790 474 830 satis
504 795 671 830 cautum
700 803 791 831 esse
819 787 918 845 quid
939 787 1041 830 alius
1066 790 1308 846 quicunque
1328 792 1446 840 vitet,
1482 788 1556 831 sed
1585 789 1819 830 necessario
1849 788 1949 842 quid
1970 790 2059 843 ipse
2080 788 2201 837 vitet,
2234 788 2394 829 homini
2418 799 2547 842 appa-

162 872 225 907 ret
254 864 307 906 ad
325 867 497 919 quisque
515 863 777 906 referendum
801 879 904 906 esse.
960 862 1069 906 Illud
1090 878 1194 909 vero
1223 867 1480 922 pronominis
1501 863 1641 906 locum
1666 875 1752 905 nou
1775 869 1915 920 potest
1940 862 2122 911 babere,
2151 869 2195 905 ut
2222 876 2302 919 pro
2330 865 2373 906 ei
2392 861 2546 905 dictum

162 955 255 983 esse
282 941 492 991 videatur,
522 956 615 982 cum
644 954 796 982 nomen
824 939 926 981 illud
955 943 1111 998 pariter
1138 957 1188 984 ac
1214 945 1282 985 vir
1301 940 1643 998 pronominaliter
1665 953 1751 982 non
1778 940 1909 996 possit
1934 938 2015 981 dici
2043 940 2121 981 nisi
2147 938 2200 982 de
2224 945 2336 982 certa
2356 952 2546 997 persona,
2592 986 2598 995 ,

162 1006 271 1075 quae
306 1018 376 1060 hic
413 1018 524 1060 nulla
558 1026 632 1060 est.
688 1017 812 1060 Unde
846 1018 1108 1061 manifestum
1144 1027 1208 1062 est
1243 1026 1314 1061 aut
1350 1022 1519 1073 quisque
1544 1024 1615 1059 aut
1642 1019 1802 1058 homini
1835 1029 2187 1073 supervacaneum
2224 1031 2328 1059 esse.
2357 1041 2410 1049 —
2465 1016 2550 1059 Iam

160 1095 269 1138 haec
295 1096 496 1138 sententia
522 1094 724 1152 generalis
760 1094 960 1151 exemplis
994 1096 1224 1140 illustratur
1260 1110 1345 1138 non
1381 1096 1611 1151 aptissimis,
1677 1093 1807 1137 Certe
1842 1096 1985 1136 navita
2012 1095 2174 1137 Poenus
2209 1097 2429 1154 Bosporum
2441 1109 2548 1151 *per-

162 1174 393 1216 horrescens
418 1185 505 1215 non
531 1171 641 1215 bene
669 1171 826 1216 electus
854 1179 927 1217 est.
982 1172 1116 1217 Etiam
1147 1172 1457 1230 Peerlkampius
1486 1171 1728 1216 offenditur.
1784 1172 1924 1214 Sumit
1946 1173 2193 1227 exemplum,
2219 1172 2370 1229 inquit,
2397 1179 2551 1215 nautae

164 1258 207 1293 et
235 1253 392 1292 mz’litz‘s.
450 1253 535 1292 Cur
561 1257 717 1292 nautae
742 1253 918 1300 Poeni,
959 1266 1046 1293 non
1078 1254 1276 1306 intelligo.
1344 1253 1395 1293 Si
1427 1253 1628 1293 Poenus
1661 1254 1862 1298 servetur,
1898 1250 1971 1289 vix
2002 1250 2125 1290 aliter
2146 1250 2300 1305 facere
2318 1263 2548 1304 possumus,

164 1330 268 1382 quin
309 1329 456 1368 miles
495 1330 620 1370 etiam
655 1329 853 1370 Poenus
887 1331 1130 1382 accipiatur.
1201 1331 1387 1370 Scilicet:
1439 1329 1617 1369 »Navita
1651 1328 1813 1368 Poenus
1840 1326 2116 1379 perhorrescit
2146 1327 2393 1381 Bosporum,
2437 1327 2552 1368 mi‘les

163 1407 325 1447 Poenus
346 1405 620 1458 perhorrescit
646 1405 849 1446 Parthos«
908 1407 1002 1447 Scio
1030 1408 1223 1459 qaomodo
1249 1407 1323 1447 hoc
1344 1406 1498 1447 evitari
1514 1417 1632 1457 posse
1657 1403 1870 1444 videatur.-
1903 1416 2045 1456 nempe
2069 1404 2216 1445 miles
2241 1405 2412 1445 Italus
2438 1418 2549 1445 assu-

163 1483 357 1523 mendum
384 1496 406 1521 e
430 1481 686 1534 sequentibus
712 1483 906 1523 Italum
941 1482 1108 1523 robur.
1164 1482 1249 1522 Sed
1273 1482 1481 1522 naturalis
1508 1481 1721 1522 verborum
1747 1479 1865 1528 ordo,
1892 1485 1941 1519 ut
1967 1493 2079 1520 nunc
2104 1480 2269 1534 legitur,
2295 1482 2382 1534 ipse
2409 1481 2552 1521 invitis

165 1560 288 1600 etiam
309 1558 487 1600 ostendit
512 1560 742 1599 navitam
762 1559 985 1600 Poenum
1013 1565 1055 1599 et
1079 1560 1304 1599 militem
1334 1560 1568 1598 Poenum.
1631 1557 1715 1598 Pro
1742 1559 1981 1608 importuna
2006 1569 2098 1596 voce
2124 1557 2322 1597 Poenus
2347 1556 2454 1597 mihi
2477 1557 2554 1597 ali·

163 1635 268 1689 quid
291 1635 456 1687 requiri
479 1635 657 1682 videtur,
684 1635 795 1676 unde
820 1636 1122 1688 intelligamus,
1139 1635 1255 1687 ,quid
1278 1636 1327 1675 in
1347 1635 1526 1688 Bosporo
1534 1634 1761 1687 praecipue
1784 1633 1841 1672 sit
1862 1632 2099 1674 timendum.
2155 1634 2207 1674 Si
2229 1648 2265 1674 v.
2289 1648 2321 1674 c.
2349 1635 2555 1686 legeretur

164 1713 357 1752 navita
386 1712 611 1764 Bospori
644 1712 828 1752 Aestus
859 1711 1242 1764 perhorrescit,
1286 1711 1353 1752 vel
1379 1712 1512 1752 simile
1552 1709 1672 1764 quid,
1708 1713 1807 1750 esset
1830 1709 2002 1764 simplex
2028 1714 2070 1750 et
2088 1711 2309 1764 perspicua
2340 1711 2553 1751 sententia.

164 1790 416 1830 Mercatores
432 1789 566 1828 nostri
579 1790 726 1828 timent
748 1790 946 1840 impetum
964 1790 1158 1840 Bospori,
1194 1789 1345 1828 milites
1368 1790 1503 1828 nostri
1524 1789 1671 1828 timent
1684 1787 1849 1842 fugam
1869 1787 2102 1827 simulatam
2118 1787 2377 1838 Parthorum,
2404 1786 2555 1828 Parthi

166 1866 318 1905 timent
350 1866 500 1905 milites
533 1870 701 1905 nostros.
792 1867 855 1906 De
888 1867 1066 1917 Bosporo
1109 1866 1196 1917 ipso
1236 1864 1320 1917 cfr.
1356 1865 1501 1904 Horat.
1540 1865 1598 1904 II.
1644 1863 1775 1905 Carm.
1817 1862 1884 1905 20.
1897 1894 1908 1913 ,
1957 1863 2019 1904 14.
2064 1869 2105 1903 et
2138 1865 2216 1904 III.
2252 1865 2312 1914 4.,
2357 1864 2451 1905 30.«
2495 1886 2547 1895 —

168 1939 516 1983 Emendationem
546 1947 586 1982 et
611 1939 678 1982 hic
699 1939 1008 1997 Peerlkampius
1033 1947 1073 1982 et
1093 1955 1130 1982 v.
1153 1941 1217 1983 17.
1240 1939 1453 1982 Bentleius
1482 1940 1692 1991 (reducem
1702 1940 1865 1995 fugam
1888 1954 1967 1997 pro
1996 1941 2185 1993 celerem)
2212 1947 2421 1983 tentarunt
2443 1947 2557 1983 recte

171 2019 449 2070 existimantes
477 2018 532 2058 ita
560 2017 779 2060 Horatium
813 2016 998 2060 scribere
1033 2030 1119 2059 non
1146 2018 1359 2073 potuisse:
1404 2022 1445 2058 at
1481 2014 1821 2073 interpolatorem
1860 2014 1973 2058 illum
2012 2018 2080 2058 cui
2107 2015 2210 2059 haec
2238 2015 2445 2060 debentur
2471 2031 2558 2060 non

169 2100 235 2136 est
261 2093 380 2150 quod
405 2095 573 2135 invitum
598 2096 704 2135 vitiis
725 2093 959 2136 liberemus.
1012 2093 1256 2136 Servabitur
1273 2095 1396 2150 igitur
1417 2096 1561 2135 navita
1582 2095 1751 2134 Poenus.
1808 2093 1940 2136 Poeni
1964 2099 2100 2135 autem
2125 2107 2212 2136 non
2235 2095 2291 2136 ita
2315 2094 2557 2153 frequenter

167 2172 210 2213 in
238 2170 480 2226 Bosporum
508 2177 721 2227 totamque
758 2184 847 2213 eam
874 2173 1084 2226 regionem
1112 2169 1376 2228 navigabant,
1412 2177 1457 2211 ut
1493 2168 1601 2210 illius
1636 2168 1823 2225 pericula
1860 2171 2116 2226 potissimum
2152 2171 2437 2214 formidarent.
2499 2173 2554 2214 Et

170 2249 357 2304 quamvis
393 2247 472 2289 illis
509 2247 611 2290 haec
647 2249 851 2304 navigatio
887 2249 1034 2291 usitata
1072 2247 1194 2292 fuerit
1230 2254 1355 2304 atque
1391 2260 1480 2289 eam
1511 2244 1569 2288 ob
1599 2260 1762 2289 causam
1792 2248 1914 2290 etiam
1942 2248 2190 2305 periculosa,
2234 2256 2372 2292 tamen
2399 2251 2561 2306 peritus

165 2333 314 2376 nauta,
353 2325 497 2382 quales
530 2327 657 2367 Poeni
685 2332 818 2376 erant,
848 2326 1029 2381 Bospori
1056 2325 1248 2382 periculis
1277 2326 1435 2366 evitatis
1464 2325 1625 2366 minime
1654 2323 1707 2366 ab
1738 2325 1852 2365 omni
1887 2324 2122 2367 discrimine
2158 2332 2272 2368 tutus
2307 2326 2387 2368 sibi
2423 2325 2555 2369 videri

166 2409 354 2459 poterat,
381 2416 473 2443 cum
495 2409 536 2444 et
561 2403 717 2445 Pontus
739 2401 962 2459 littoraque
983 2403 1072 2444 eius
1097 2402 1204 2445 ultra
1227 2401 1470 2458 Bosporum
1493 2403 1694 2458 naviganti
1717 2408 1758 2445 et
1779 2403 2030 2459 renaviganti
2053 2416 2166 2445 mare
2187 2404 2397 2460 Aegaeum
2427 2418 2552 2462 quam

165 2480 341 2535 plurima
371 2487 411 2520 et
439 2481 606 2522 maxima
635 2479 818 2536 pericula
846 2481 1079 2521 minaretur.
1135 2479 1291 2522 Notior
1318 2485 1381 2520 est
1416 2478 1519 2520 baec
1554 2492 1621 2519 res
1659 2492 1783 2533 quam
1822 2485 1866 2520 ut
1895 2478 2096 2535 exemplis
2133 2493 2221 2521 eam
2258 2478 2552 2523 demonstrem.

165 2554 336 2599 Deinde
364 2557 406 2596 in
435 2556 703 2612 sequentibus
730 2556 869 2598 verbis
897 2555 1003 2599 male
1030 2555 1285 2607 estfactum,
1322 2554 1442 2614 quod
1469 2556 1585 2597 miles
1613 2553 1797 2598 obscure
1825 2555 1980 2598 dictum
2002 2562 2065 2599 est
2086 2569 2166 2613 pro
2194 2558 2326 2599 milite
2345 2558 2532 2600 Romano
2541 2578 2554 2607 ‚-

162 2647 245 2677 nec
283 2635 490 2676 celerem
506 2634 667 2688 fugam
694 2635 858 2685 Parthi,
899 2633 1075 2676 fortasse
1104 2648 1152 2676 ex
1179 2632 1229 2676 ΙΙ.
1258 2634 1308 2684 7.,
1335 2633 1374 2677 9.
1400 2633 1586 2689 petitam,
1626 2631 1763 2676 adbuc
1789 2635 2008 2693 quisquam
2032 2636 2130 2676 satis
2153 2636 2289 2691 potuit
2317 2631 2554 2676 defendere.

165 2711 276 2753 Tum
304 2716 469 2752 catenas
497 2722 589 2751 esse
616 2708 896 2767 intelligendas
924 2713 1055 2754 Italas
1077 2713 1154 2754 etsi
1183 2726 1233 2753 ex
1261 2712 1373 2754 Italo
1395 2710 1534 2753 robore
1563 2712 1829 2768 perspicitur,
1865 2718 2002 2755 tamen
2034 2710 2171 2755 alieno
2204 2712 2303 2755 loco
2335 2725 2557 2755 commune

162 2790 333 2846 utn’que
365 2788 523 2828 nomini
560 2786 803 2828 adiectivum
834 2788 1086 2830 collocatum
1114 2796 1188 2831 est.
1262 2788 1316 2829 Et
1345 2801 1452 2843 quae
1482 2786 1646 2829 tandem
1678 2794 1739 2829 est
1772 2789 1849 2829 ista
1884 2790 2105 2840 sententia,
2148 2788 2321 2831 Parthos
2352 2787 2453 2832 nibil
2482 2789 2557 2831 nisi

162 2866 453 2909 Romanorum
476 2868 642 2905 catenas
673 2867 715 2903 et
742 2862 874 2906 robur
900 2867 1106 2907 metuere?
1139 2865 1239 2908 Nou
1267 2866 1387 2908 etiam
1417 2866 1618 2908 mortem?
1653 2878 1739 2907 non
1765 2865 1871 2907 hanc
1892 2868 2014 2908 etiam
2042 2868 2168 2923 magis
2194 2881 2316 2924 quam
2345 2866 2555 2923 captivita-

162 2945 270 2986 tem?
302 2943 381 2984 nisi
414 2940 525 2983 forte
554 2945 704 2981 auctor
738 2939 858 2981 simul
897 2946 1071 2982 mortem
1109 2942 1150 2982 in
1187 2944 1341 2984 catenis
1378 2940 1659 2999 oppetendam
1695 2940 1905 2984 intellexit.
1968 2944 2023 2985 At
2050 2944 2156 2986 sicut
2185 2956 2297 2984 nunc
2332 2949 2415 2994 est,
2454 2942 2556 2986 haec

161 3021 351 3077 proxime
388 3017 581 3074 sequenti
620 3017 849 3057 sententiae
882 3029 968 3058 non
1004 3025 1249 3073 congruunt.
1325 3020 1541 3061 Praeterea
1576 3032 1615 3060 v.
1653 3019 1717 3061 17.
1754 3025 1826 3061 aut
1862 3019 1926 3061 18.
1964 3017 2139 3061 verbum
2176 3025 2263 3062 erat
2299 3017 2558 3069 addendum;

162 3111 275 3139 nunc
298 3097 407 3138 enim
435 3093 609 3137 dubium
638 3098 703 3135 est
722 3093 999 3147 perhorrescit
1024 3107 1076 3135 an
1096 3098 1211 3136 timet
1236 3094 1508 3150 repetendum
1531 3098 1594 3138 sit.
1650 3096 1846 3152 Denique
1869 3098 2024 3139 cumin
2047 3094 2396 3153 praecedentibus
2417 3096 2556 3139 verbis

163 3186 252 3216 non
278 3170 463 3229 populus
486 3166 705 3213 Romanus
733 3182 813 3212 nec
841 3168 1087 3211 Parthorum
1111 3171 1242 3222 natio,
1280 3170 1355 3213 sed
1383 3172 1531 3228 singuli
1559 3178 1714 3214 tantum
1738 3173 1919 3215 Romani
1947 3180 1990 3215 et
2017 3173 2157 3215 Parthi
2184 3171 2356 3227 intelligi
2382 3174 2556 3228 possint,

162 3250 308 3293 inscite
324 3248 479 3291 dictum
505 3253 569 3290 est
589 3248 661 3290 sed
677 3247 901 3301 improvisa
919 3247 995 3288 leti
1010 3247 1073 3287 vis
1091 3250 1234 3300 rapuit
1261 3251 1473 3303 rapietque
1496 3255 1688 3304 gentes.
1738 3248 2102 3305 Quemadmodum
2126 3254 2265 3290 autem
2280 3247 2558 3305 interpolator

164 3325 249 3368 boc
276 3337 443 3367 carmen
469 3323 575 3367 locis
601 3322 893 3367 communibus
926 3324 1067 3379 inepte
1093 3322 1215 3367 illatis
1243 3328 1448 3383 corrupit,
1488 3325 1674 3369 similiter
1701 3327 1823 3370 etiam
1858 3326 1936 3370 alia
1968 3326 2149 3370 carmina
2185 3323 2240 3368 de
2276 3323 2428 3383 quibus
2463 3339 2554 3371 sum

167 3409 333 3446 acturus
361 3408 561 3458 corrupta
587 3415 680 3445 esse
717 3399 1032 3445 demonstrabo.
