2674 3699
1345 413 1393 461 X

361 558 516 598 Harum
533 555 795 611 stropharum
819 557 997 611 priorem
1015 555 1135 596 etiam
1152 554 1461 612 Peerlkampius
1487 555 1665 610 spuriam
1694 566 1785 595 esse
1804 552 1999 596 iudicavit
2026 552 2086 596 his
2115 555 2380 612 argumentis:
2411 555 2554 597 »Scho-

189 638 329 678 liastae
351 636 398 676 in
424 633 703 687 superioribus
727 635 921 686 legentes:
945 646 1035 673 nec
1059 645 1259 685 semper
1284 636 1434 675 udum
1464 633 1595 675 Tibur
1614 633 1893 685 contemplere,
1920 632 2167 673 addiderunt
2189 632 2294 672 hanc
2311 632 2555 683 interpreta-

188 714 355 761 tionem,
390 725 495 763 quae
522 717 581 752 est
605 710 926 752 commentatoris
948 708 1203 761 Cruquiani:
1234 728 1254 745 »
1264 711 1434 751 Turrim
1461 711 1509 750 in
1534 709 1663 750 hortis
1687 709 1773 748 suis
1798 710 2067 750 constnm’sse
2091 708 2299 750 dicebatur
2325 707 2555 757 Maecenas,

186 790 294 830 unde
325 790 423 829 haec
451 792 737 843 prospiceret«
806 789 863 828 Et
894 786 966 826 hoc
1000 788 1271 827 necessarium
1309 792 1419 836 erat,
1453 792 1502 827 ut
1535 787 1729 826 sciremus
1766 786 1959 838 quomodo
1988 786 2205 827 Maecenas
2236 786 2392 826 Romae
2421 775 2555 825 'Tibur

183 867 320 908 videre
340 870 484 918 posset.
539 866 630 907 Non
657 870 746 905 erat
771 864 1053 913 necessarium,
1080 865 1121 904 si
1143 865 1342 905 Horatius
1366 864 1504 904 statim
1531 862 1750 904 addidisset
1791 863 1948 904 »desere
1973 864 2116 904 molem
2138 864 2408 916 propinquam
2435 861 2555 902 nubi-

186 944 256 984 bus
284 944 462 984 arduis«
525 944 606 983 Pro
632 942 777 993 copia
812 942 944 992 magis
978 941 1184 980 Latinum
1220 946 1322 981 esset
1360 941 1578 994 copiae«
1636 938 1743 979 Tum
1773 937 1824 980 ad
1862 954 1926 979 vv.
1964 939 2026 981 10.
2056 939 2140 980 ll.:
2188 940 2448 987 »Maecenas,
2483 937 2556 978 hoc

188 1028 365 1073 tempore
390 1018 485 1059 urbi
501 1018 759 1071 praefectus,
787 1022 878 1057 erat
902 1018 1055 1057 anxius
1075 1023 1249 1070 propter
1276 1018 1376 1058 bella
1403 1018 1674 1058 imminentia.
1744 1017 1840 1057 Tali
1874 1018 2013 1058 animo
2047 1017 2136 1069 quis
2167 1018 2348 1057 miratur
2361 1015 2554 1068 fumum,

188 1111 293 1150 opes*
307 1102 346 1136 et
370 1096 582 1146 strepitum
610 1093 747 1135 urbis?
798 1095 856 1134 Et
882 1095 1047 1134 omnino
1076 1095 1167 1146 quis
1192 1095 1384 1142 miratur,
1410 1094 1519 1145 quod
1542 1095 1590 1133 in
1617 1095 1779 1146 magnis
1806 1092 1972 1133 urbibus
1991 1095 2213 1146 pessimum
2242 1098 2317 1141 est,
2343 1093 2555 1146 fumum

189 1180 229 1215 et
254 1172 523 1224 strepitum
536 1173 558 1212 Ρ
609 1171 770 1212 Mirari
787 1175 935 1223 potest,
962 1171 1039 1222 qui
1051 1171 1238 1223 primum
1265 1169 1388 1217 videt,
1416 1183 1454 1210 v·
1476 1184 1510 1210 c.
1539 1171 1716 1211 rusticus
1741 1171 1899 1222 aliquis,
1925 1183 2008 1211 non
2035 1171 2265 1218 Maecenas,
2291 1171 2366 1222 qui
2384 1173 2555 1220 propter

189 1248 513 1291 consuetudinem
540 1248 624 1287 iam
650 1260 734 1287 non
760 1245 965 1286 sentiebat.
1021 1248 1078 1287 Et
1103 1251 1193 1286 erat
1220 1247 1266 1286 in
1294 1247 1408 1287 turri
1430 1261 1505 1286 sua
1531 1247 1630 1286 satis
1655 1260 1682 1286 a
1710 1247 1900 1287 molestiis
1935 1247 2024 1287 istis
2050 1251 2236 1287 remotus.
2304 1244 2388 1287 Gur
2417 1248 2553 1284 autem

186 1328 253 1367 ille
285 1327 509 1365 miraretur
549 1336 606 1375 op
616 1326 691 1363 es?
755 1323 839 1369 Qui
870 1324 1009 1362 omnia
1034 1322 1217 1372 haberet,
1254 1337 1356 1375 quae
1382 1324 1574 1376 cuperet?
1614 1322 1695 1362 Sed
1719 1328 1760 1363 et
1792 1336 1871 1363 vox
1903 1335 2014 1375 opes
2037 1322 2103 1362 laic
2128 1323 2308 1363 incertae
2340 1319 2555 1361 admodum

187 1401 500 1454 significationis
525 1405 596 1444 est,
624 1400 721 1439 adeo
747 1404 796 1438 ut
823 1400 1063 1451 interpretes
1077 1398 1182 1451 fere
1209 1400 1395 1439 nesciant
1421 1412 1540 1452 quam
1577 1400 1758 1438 sumturi
1789 1401 1884 1439 sint.
1951 1400 2087 1450 Neque
2122 1398 2217 1437 bene
2250 1398 2438 1437 convenit
2462 1407 2554 1434 cum

176 1479 336 1531 fumo
372 1482 410 1516 et
443 1477 687 1528 strepitu.
745 1476 875 1528 Atque
911 1475 1043 1515 adhuc
1078 1480 1238 1514 secutus
1274 1489 1363 1515 sum
1398 1476 1607 1528 vulgatam
1639 1475 1784 1525 fumi
1808 1476 2193 1528 interpretationem.
2261 1474 2371 1520 Quid
2391 1473 2491 1525 fiet,
2519 1471 2558 1509 si

177 1557 381 1608 fumum
414 1565 496 1592 non
517 1554 688 1604 proprie
721 1553 998 1603 accipiamus?
1065 1552 1172 1591 Tum
1206 1552 1423 1592 Maecenas
1455 1553 1681 1592 miraretur
1715 1552 1892 1593 homines
1925 1565 2085 1592 vanos
2122 1557 2162 1592 et
2196 1554 2554 1591 assentatores.

189 1631 269 1684 cfr.
290 1629 563 1671 Mart2·al.1V.
584 1630 711 1681 epigr.
742 1627 778 1669 5.
797 1652 848 1659 —
903 1629 1043 1680 Neque
1069 1628 1232 1668 verbum
1260 1630 1438 1669 omitte
1464 1631 1577 1669 omni
1595 1631 1698 1670 vitio
1719 1635 1839 1670 caret.
1899 1630 2126 1670 Omittimus
2138 1629 2317 1680 aliquid,
2343 1626 2449 1679 quod
2472 1637 2556 1664 non

187 1712 427 1760 repetimus,
454 1706 539 1744 nisi
563 1705 740 1745 addatur
761 1718 1070 1758 parumper,
1111 1705 1447 1757 aliquamdiu.
1521 1705 1613 1746 Iam
1649 1706 1846 1746 Horatius
1878 1719 1962 1746 non
1981 1710 2147 1758 poterat
2168 1717 2315 1757 rogare
2343 1704 2555 1743 Maecena-

190 1789 294 1829 tem,
321 1788 368 1821 ut
396 1784 598 1821 omitteret
623 1782 776 1821 Romae
802 1784 959 1828 vivere,
986 1783 1056 1821 sed
1080 1787 1130 1821 ut
1155 1782 1238 1821 dies
1266 1783 1423 1834 aliquot
1447 1781 1584 1822 urbem
1614 1783 1860 1836 relinqueret
1884 1787 1923 1822 et
1963 1783 2062 1822 ruri
2073 1781 2267 1835 frontem
2291 1779 2551 1831 explicaret«

190 1860 265 1899 His
290 1858 533 1912 argumentis
560 1855 748 1911 equidem
770 1871 856 1899 non
877 1856 1025 1898 dubito
1050 1855 1270 1906 accedere,
1298 1855 1394 1898 licet
1415 1870 1499 1897 non
1522 1864 1635 1898 recte
1655 1857 1753 1898 mihi
1775 1856 1964 1898 videatur
1986 1859 2143 1910 copiam
2171 1854 2364 1910 singulari
2381 1864 2554 1894 numero

188 1936 369 1991 positum
406 1931 728 1987 reprehendere,
770 1935 839 1989 qui
866 1934 996 1989 ipsam
1040 1947 1119 1988 qua
1147 1931 1367 1974 Maecenas
1395 1931 1541 1974 fruitur
1569 1934 1855 1976 condicionem
1892 1933 2102 1988 significet.
2168 1931 2384 1973 Praeterea
2419 1934 2554 1969 autem

190 2012 274 2052 hoc
302 2006 432 2056 addo,
462 2008 540 2048 hac
566 2008 734 2064 stropha
760 2009 887 2050 verba
916 2009 1075 2049 Horatii
1103 2007 1172 2049 illa
1199 2011 1310 2062 em'pe
1345 2015 1383 2049 te
1416 2022 1552 2050 morae
1579 2008 1768 2064 explicari
1805 2016 1845 2051 et
1873 2023 1980 2064 quae
2001 2022 2066 2051 res
2095 2022 2188 2050 eum
2216 2008 2369 2049 morari
2396 2005 2555 2061 possint

193 2086 431 2128 enumerari.
496 2086 549 2125 At
579 2084 847 2127 deserendam
884 2101 974 2128 esse
1006 2083 1149 2126 urbem
1187 2092 1227 2126 et
1257 2087 1345 2126 eius
1381 2083 1547 2125 delicias
1583 2086 1660 2126 iam
1690 2092 1809 2127 antea
1837 2088 1933 2127 satis
1968 2084 2191 2127 indicatum
2220 2090 2307 2125 erat
2340 2084 2388 2123 iis
2415 2080 2554 2122 verbis

192 2175 298 2218 quae
326 2174 409 2202 nou
438 2167 601 2216 egerent
628 2162 973 2218 interpretatione.
1039 2160 1184 2218 ltaque
1208 2174 1284 2216 ego
1314 2174 1397 2202 non
1418 2159 1522 2202 hauc
1542 2159 1670 2203 modo
1693 2164 1904 2218 stropham
1928 2160 2197 2204 damnandam
2218 2161 2421 2210 existimo,
2448 2172 2555 2214 quae

191 2248 325 2281 tamen
354 2244 462 2278 certe
489 2239 779 2279 sententiarum
809 2252 954 2280 nexum
984 2251 1072 2279 non
1100 2236 1330 2294 perturbet,
1368 2236 1442 2279 sed
1470 2239 1595 2294 magis
1623 2239 1741 2280 etiam
1771 2245 1974 2295 quartam,
2011 2240 2108 2296 quia
2139 2252 2286 2281 nexum
2312 2236 2426 2280 illum
2455 2235 2554 2278 loco

193 2316 402 2359 communi
438 2316 572 2369 inepte
606 2317 871 2371 interrumpit.
934 2316 1121 2371 Utraque
1158 2322 1293 2357 autem
1330 2315 1500 2370 stropha
1538 2323 1624 2357 arte
1663 2317 1869 2357 cohaeret.
1937 2317 2128 2372 Namque
2143 2318 2394 2371 fastidiosae
2419 2317 2557 2369 copiae

193 2399 364 2452 quartae
383 2390 574 2448 strophae
593 2391 711 2434 locus
728 2376 960 2435 communis'
974 2393 1211 2449 opponitur,
1242 2407 1349 2449 quae
1373 2399 1419 2435 ut
1436 2392 1577 2448 aliquo
1598 2391 1727 2435 modo
1745 2394 1868 2435 inseri
1884 2400 2039 2449 posset,
2063 2392 2131 2435 illa
2148 2391 2440 2449 praemittenda
2458 2399 2556 2433 erat.

192 2473 256 2513 Ac
283 2483 335 2511 ne
363 2482 459 2510 vera
477 2461 649 2525 ‘quidem
678 2469 729 2512 ab
759 2471 871 2513 omni
900 2477 1016 2527 parte
1038 2476 1099 2512 est
1122 2476 1291 2525 quartae
1315 2469 1510 2524 strophae
1534 2472 1747 2513 sententia.
1803 2470 1905 2512 Non
1931 2470 2176 2527 plerumque
2192 2479 2328 2526 gratae
2344 2478 2440 2512 sunt
2456 2470 2557 2512 divi-

192 2547 302 2588 tibus
331 2546 433 2586 tates
457 2548 584 2596 vices,
611 2546 684 2587 sed
711 2555 750 2589 et
770 2561 865 2589 raro
890 2547 972 2588 hoc
999 2546 1047 2588 fit
1072 2552 1112 2586 et
1136 2547 1167 2586 si
1191 2544 1360 2601 quaudo
1381 2546 1448 2595 fit,
1477 2558 1726 2602 magnopere
1750 2545 1951 2589 laudatur.
2009 2545 2139 2604 Quod
2167 2549 2343 2590 sensisse
2366 2545 2558 2589 videntur

191 2627 218 2665 ii
248 2625 318 2679 qui
357 2636 516 2663 comma
553 2622 665 2677 quod
701 2633 796 2679 post
830 2629 933 2667 vices
961 2641 998 2663 v.
1039 2624 1101 2664 13.
1131 2624 1310 2677 positum
1340 2629 1427 2663 erat
1455 2622 1733 2673 sustulerunt,
1769 2631 1814 2665 ut
1849 2624 1978 2666 verba
2010 2627 2248 2679 plerumque
2275 2632 2422 2679 gratae
2456 2626 2560 2665 divi—

191 2691 299 2742 tibus
325 2701 431 2740 vices
459 2712 548 2740 non
576 2699 719 2754 plenae
747 2709 787 2744 et
815 2701 1029 2744 absolutae
1058 2701 1344 2742 enuntiationis
1382 2698 1520 2741 locum
1558 2699 1776 2749 haberent,
1814 2700 1889 2743 sed
1927 2709 1967 2743 et
2004 2709 2141 2756 gratae
2175 2704 2286 2742 vices
2315 2709 2355 2743 et
2379 2700 2559 2742 mundae

190 2789 321 2833 parvo
359 2773 438 2815 suh
477 2773 562 2814 lare
600 2788 820 2830 pauperum
858 2789 1013 2819 coenae
1049 2775 1264 2818 sollicitam
1302 2775 1480 2818 frontem
1517 2775 1726 2832 explicare
1764 2776 2019 2828 dicerentur,
2055 2779 2295 2832 plerumque
2335 2783 2469 2818 autem
2506 2775 2559 2817 ad

190 2855 420 2907 explicuere
438 2850 580 2891 referri
601 2858 749 2906 posset.
800 2852 931 2908 Quod
949 2853 1139 2909 equidem
1165 2866 1414 2909 magnopere
1435 2866 1586 2894 vereor
1613 2867 1666 2895 ne
1689 2867 1772 2896 non
1791 2861 1905 2896 recte
1925 2856 1975 2896 sit
1998 2854 2170 2897 factum:
2197 2868 2289 2897 nam
2321 2861 2408 2896 tum
2423 2854 2563 2896 diviti-

189 2933 259 2971 bus
288 2927 473 2970 additum
504 2935 567 2968 est
595 2930 872 2971 incommode:
901 2932 968 2984 oft
991 2931 1062 2970 bat
1079 2932 1150 2970 der
1170 2932 1248 2971 den
1261 2931 1441 2971 Reichen
1461 2932 1708 2984 angenelame
1731 2932 1907 2972 Weclesel
1929 2933 2019 2973 und
2043 2934 2110 2973 ein
2136 2931 2349 2972 reinliclses
2369 2931 2491 2972 ,Malui
2514 2933 2561 2971 in

190 3009 318 3046 einem
346 3018 490 3045 armen
509 3007 653 3047 Hause
673 3006 738 3045 die
756 3008 999 3058 sorgenvolle
1019 3008 1138 3048 Stirn
1156 3008 1360 3060 gegliittet.
1417 3004 1509 3048 Cur
1532 3008 1637 3048 enim
1659 3005 1852 3050 divitibus
1873 3021 1993 3063 quam
2015 3007 2102 3049 aliis
2118 3009 2229 3049 vices
2245 3008 2324 3048 sint
2341 3008 2562 3066 gratiores?

193 3083 352 3137 Pauper
379 3079 543 3135 quidem
575 3079 705 3122 bomo
735 3086 774 3120 et
802 3082 923 3121 miser
951 3095 1019 3122 eas
1052 3088 1167 3138 optat
1201 3082 1330 3124 multo
1370 3082 1672 3134 vehementius,
1709 3089 1832 3139 atque
1860 3086 2028 3127 omnino
2051 3098 2118 3129 res
2148 3086 2189 3126 in
2217 3082 2361 3125 melius
2388 3089 2561 3125 mutatas

192 3161 323 3213 quivis
361 3157 516 3200 mavult
553 3171 677 3215 quam
714 3158 755 3198 in
792 3156 979 3201 deterius.
1050 3160 1196 3214 Neque
1232 3167 1275 3201 ut
1305 3174 1398 3202 cum
1425 3160 1559 3202 verbo
1598 3162 1825 3215 explicuere
1850 3162 2042 3217 iungatur
2070 3161 2265 3204 divitibus
2292 3159 2373 3201 ulla
2401 3162 2561 3202 ratione

190 3234 283 3275 fieri
320 3241 468 3289 potest.
545 3232 716 3276 Pluralis
752 3247 853 3275 vero
891 3233 959 3276 ille
999 3237 1172 3277 mundae
1198 3260 1250 3267 —
1278 3251 1423 3279 coenae
1456 3237 1573 3278 metri
1608 3237 1851 3280 necessitate
1883 3251 1975 3280 esse
2011 3236 2216 3280 adhibitus
2258 3237 2354 3278 mihi
2387 3236 2561 3287 videtur,

193 3325 285 3352 cum
317 3313 450 3365 aptior
480 3318 587 3353 esset
617 3310 830 3367 singularis
867 3324 987 3366 quem
1029 3324 1158 3367 supra
1186 3312 1385 3355 vertendo
1428 3314 1620 3370 expressi.
1649 3338 1702 3346 —
1757 3313 1838 3355 lam
1873 3327 1975 3357 vero
2012 3321 2058 3356 ut
2093 3317 2258 3357 missum
2286 3313 2428 3356 faciam
2458 3314 2562 3356 hanc

194 3389 429 3430 sententiam
467 3402 551 3430 non
589 3402 677 3431 esse
717 3401 887 3444 prorsus
921 3402 1057 3430 veram
1100 3395 1140 3429 et
1178 3388 1444 3432 incommodo
1493 3390 1591 3433 loco
1629 3393 1823 3446 positam,
1875 3405 1973 3433 num
2011 3391 2209 3434 Horatius
2246 3398 2344 3433 tuuc
2387 3393 2561 3447 primum
