2674 3699
1314 320 1436 370 XIV

182 462 268 506 Sed
297 469 418 518 caput
447 464 503 503 rei
533 467 608 512 est,
638 461 767 517 quod,
797 468 840 503 ut
869 464 986 504 ctiam
1011 461 1317 518 Peerlkampius
1337 462 1589 518 significavit,
1611 462 1713 503 inter
1744 459 1908 503 Claudii
1942 461 2118 503 Neronis
2141 461 2356 503 victoriam
2378 466 2420 502 et
2446 461 2558 502 Han·

180 538 323 581 nibalis
351 545 525 593 accepto
562 552 616 580 eo
656 541 802 581 nuntio
840 541 1069 581 orationem
1108 552 1174 581 res
1210 539 1369 581 alienae
1408 546 1448 580 et
1475 539 1673 593 longioris
1711 539 1909 592 temporis
1937 544 2018 579 tam
2054 539 2193 592 inepte
2221 521 2555 593 interponuntur,

181 624 223 658 nt
251 616 408 657 Horatii
436 616 603 670 ingenio
629 617 812 658 iniuriam
838 615 955 657 faciat
979 618 1048 671 qui
1077 618 1152 657 ista
1181 617 1235 658 ab
1258 616 1330 657 illo
1353 618 1503 671 scripta
1521 629 1611 657 esse
1635 614 2008 655 asseveraverit.-·
2064 613 2227 655 Deinde
2255 615 2295 655 in
2314 611 2556 654 Hannibalis

178 695 366 735 oratioue
394 692 498 734 haec
526 690 720 748 leguntur
747 707 812 736 vv.
840 693 905 735 61.
934 706 1025 749 sqq.

275 792 372 833 Non
402 790 548 846 Hydra
576 798 692 832 secto
722 804 901 846 corpore
930 789 1092 832 firmior
1402 787 1638 844 Carthagini
1665 789 1742 829 iam
1772 801 1857 829 uon
1886 801 1963 843 ego
1992 789 2160 829 nuntios

274 858 397 899 Vinci
426 856 633 899 dolentem
664 858 790 898 crevit
817 858 857 898 in
888 855 1123 907 Herculem,
1399 857 1554 899 Mittam
1584 855 1807 912 superbos:
1844 854 2011 906 occidit,
2042 853 2196 896 occidit
2401 856 2461 897 10.

331 924 615 966 Monstrumve
642 921 869 964 submisere
898 922 1052 966 Colchi
1454 923 1560 978 Spes
1590 923 1722 965 omnis
1752 928 1793 963 et
1822 921 1990 963 fortuna
2018 922 2148 963 nostri

384 989 517 1029 Maius
540 988 821 1030 Echioniaeve
851 988 1034 1029 Thebae.
1509 988 1697 1029 Nominis
1726 986 1987 1028 Hasdrubale
2022 988 2286 1040 interempto.

274 1078 427 1117 Merses
450 1076 681 1128 profundo,
706 1076 918 1128 pulchrior
944 1078 1100 1122 evenit‚·
1267 1074 1331 1115 65.
1396 1076 1471 1116 Nil
1496 1075 1690 1118 Claudiae
1716 1089 1796 1116 non
1815 1075 2033 1129 perficient
2062 1088 2220 1125 manus,

278 1144 471 1190 Luetere,
497 1143 630 1183 multa
650 1147 825 1194 proruet
849 1144 1060 1194 integrum
1402 1143 1510 1188 Quas
1536 1148 1576 1182 et
1602 1141 1775 1194 benigno
1805 1143 1976 1181 numine
2006 1142 2199 1193 Iuppiter

331 1207 433 1248 Cum
459 1207 581 1247 laude
607 1208 798 1247 victorem
822 1212 1014 1261 geretque
1452 1206 1655 1261 Defendit
1681 1211 1722 1248 et
1744 1219 1867 1248 curae
1892 1218 2053 1260 sagaces
2399 1204 2460 1246 15.

383 1274 547 1318 Proelia
573 1273 813 1324 coniugibus
841 1275 1048 1326 loquenda.
1506 1275 1744 1325 Expediunt
1767 1287 1843 1325 per
1870 1279 1992 1312 acuta
2019 1273 2121 1313 belli.

359 1372 516 1411 Versus
551 1371 727 1412 65—68.
761 1384 847 1411 uon
888 1371 1022 1411 solum
1060 1384 1112 1410 eo
1142 1372 1236 1410 mihi
1266 1372 1459 1411 videntur
1493 1371 1749 1425 vituperandi
1780 1385 1888 1420 esse,
1932 1372 2027 1425 quia
2063 1372 2179 1425 quasi
2216 1373 2554 1411 commentarium

179 1446 384 1502 quendam
414 1453 613 1502 quattuor
640 1445 989 1494 antecedentium,
1020 1449 1189 1487 maxime
1218 1462 1282 1489 vv.
1311 1447 1363 1487 61
1398 1447 1462 1488 62.
1493 1446 1692 1501 praebent
1719 1460 1798 1487 nec
1821 1446 2043 1502 quidquam
2063 1449 2293 1497 continent,
2323 1445 2440 1501 quod
2467 1459 2553 1487 non

179 1526 256 1565 iam
285 1523 357 1565 illa
385 1521 552 1566 Claudii
582 1536 674 1563 cum
705 1521 838 1578 hydra
868 1523 1179 1577 comparatione
1208 1525 1260 1563 sit
1290 1516 1547 1578 expressum,
1577 1521 1652 1563 sed
1678 1524 1797 1564 etiam
1827 1524 1922 1577 quia
1951 1523 2085 1564 oratio
2111 1521 2284 1565 laborat.
2342 1522 2446 1563 Nam
2469 1523 2554 1563 sive

175 1612 214 1640 v.
241 1599 307 1640 65.
337 1600 472 1640 evenit
493 1597 657 1652 legeris,
694 1604 734 1639 et
768 1604 958 1653 tempore
987 1605 1202 1653 peccatur,
1244 1612 1337 1639 cum
1373 1604 1600 1655 sequantur
1638 1597 1775 1639 lutura
1804 1605 1978 1652 proruet
2007 1623 2059 1632 —
2098 1605 2236 1653 geret,
2281 1612 2387 1654 quae
2415 1596 2556 1654 plures

176 1675 271 1717 libri
300 1677 340 1716 in
367 1676 499 1729 iisque
528 1676 672 1729 optimi
700 1681 885 1724 tuentur,
924 1683 965 1716 et
993 1677 1078 1716 siue
1108 1674 1294 1730 exemplo
1335 1676 1496 1715 evenire
1523 1677 1704 1731 positum
1736 1690 1816 1733 pro
1852 1678 1965 1716 extre
1996 1684 2065 1716 aut
2093 1691 2314 1730 emergere,·
2349 1677 2433 1716 sive
2462 1690 2553 1716 cum

176 1753 422 1807 quibusdam
450 1752 565 1793 libris
593 1755 703 1794 exiet
728 1754 961 1807 scripseris,
993 1754 1120 1794 invito
1142 1753 1321 1793 Horatio
1348 1751 1607 1793 obtrudimus
1630 1752 1803 1793 formam
1826 1752 1942 1794 verbi
1963 1753 2205 1794 inusitatam.
2225 1776 2277 1783 —
2305 1753 2385 1793 Vv.
2406 1753 2472 1794 66.
2488 1767 2555 1808 sq.

176 1832 426 1872 conveniunt
445 1843 538 1870 cum
550 1828 794 1871 Hannibalis
813 1829 952 1871 verbis
973 1829 1084 1885 apud
1102 1830 1263 1871 Livium
1284 1830 1355 1871 XX
1363 1829 1449 1870 vlt.
1466 1830 1528 1871 15.
1550 1831 1632 1871 Seu
1653 1832 1755 1871 vicit
1769 1830 2037 1884 (Romanus),
2041 1831 2249 1885 ferociter
2264 1832 2393 1871 instat
2409 1831 2556 1876 victis,-

175 1922 244 1948 seu
270 1909 401 1948 victus
425 1913 502 1956 est,
530 1909 741 1948 instaurat
766 1921 859 1948 eum
886 1906 1105 1947 victoribus
1131 1913 1355 1954 certamem
1383 1907 1592 1961 magisque
1621 1908 1738 1947 etiam
1765 1906 1875 1961 apud
1901 1906 2040 1950 lustin.
2070 1907 2210 1948 XXXI.
2238 1908 2298 1949 5.:
2338 1907 2438 1950 oum
2466 1908 2551 1948 Ro·

174 1998 312 2034 mano,
339 1998 410 2024 seu
427 1985 687 2037 occupaveris
706 1984 830 2037 prior
846 1984 1006 2037 aliqua,
1033 1997 1104 2024 seu
1126 1985 1283 2034 viceris,
1310 1989 1447 2024 tamen
1467 1984 1590 2024 etiam
1608 1997 1699 2025 cum
1719 1985 1824 2025 victo
1846 1989 1886 2025 et
1907 1985 2063 2026 iacente
2081 1985 2320 2026 luctandum
2346 1990 2414 2033 est,
2442 1982 2554 2025 uude

174 2067 315 2102 nostra
331 2060 506 2101 fortasse
528 2061 727 2114 originem
746 2058 910 2100 duxisse
935 2060 1236 2101 conieceris.—
1278 2058 1430 2099 Merito
1449 2060 1691 2114 interpretes
1713 2058 1955 2101 laborarunt
1973 2058 2227 2115 explicandis
2245 2058 2385 2101 verbis
2399 2061 2558 2113 proelia

178 2137 487 2190 coniugibus
512 2137 743 2189 loquenda?
776 2136 1070 2177 Utrorumnam
1090 2134 1361 2190 coniugibus?
1387 2135 1727 2176 Romanorumne
1754 2149 1805 2177 an
1825 2134 2245 2191 Carthaginiensium?
2272 2150 2324 2178 au
2347 2143 2555 2178 utrorum-

176 2215 281 2268 que?
325 2212 410 2267 Qui
439 2218 784 2268 comparaverunt
814 2210 980 2253 Salustii
1018 2210 1156 2253 locum
1196 2211 1262 2264 (fr.
1296 2212 1388 2254 202.
1417 2226 1457 2268 p.
1483 2211 1577 2254 257.
1608 2210 1767 2265 Gerl.):
1804 2215 2012 2267 Hispanis
2042 2227 2126 2255 mos
2154 2214 2254 2265 fuit
2285 2218 2336 2254 ut
2370 2213 2417 2253 in
2453 2211 2553 2254 bella

177 2289 364 2328 euntibus
383 2296 604 2341 parentum
620 2290 751 2343 facta
776 2295 1051 2345 memorentur
1077 2304 1104 2329 a
1130 2290 1345 2339 matribus,
1373 2290 1659 2330 Romanorum
1685 2290 1883 2346 coniuges
1912 2289 1993 2330 dici
2021 2295 2234 2345 putarunt,
2263 2301 2369 2344 quae
2398 2286 2452 2329 de
2474 2287 2552 2329 illis

177 2364 347 2420 proeliis
376 2372 415 2407 et
443 2381 535 2408 cum
559 2365 655 2408 filiis
684 2374 725 2409 et
753 2367 859 2408 inter
887 2381 932 2407 se
962 2381 1054 2407 cum
1079 2365 1294 2420 voluptate
1322 2369 1513 2420 iustaque
1541 2365 1786 2420 gloriatione
1806 2365 1935 2407 verba
1960 2367 2156 2408 tacerent.
2212 2366 2278 2407 Ad
2307 2380 2414 2420 quae
2441 2373 2554 2406 recte

177 2440 507 2500 Peerlkampius:
540 2443 643 2488 »Sed
666 2444 756 2487 laus
783 2458 832 2486 ea
859 2449 918 2486 est
944 2444 1100 2493 tenuis,
1125 2444 1164 2485 si
1177 2443 1374 2498 feminae
1398 2449 1560 2486 tantum
1589 2443 1639 2485 de
1660 2444 1816 2486 virtute
1841 2445 2022 2487 militari
2047 2446 2271 2498 loquantur
2298 2450 2338 2486 et
2365 2446 2554 2486 mulieres

176 2520 495 2575 interfectorum
522 2520 692 2563 doleant.
748 2520 885 2574 Neque
918 2533 967 2561 ea
1000 2521 1091 2562 laus
1125 2526 1182 2563 est
1216 2521 1441 2571 diuturna,
1463 2520 1658 2575 finienda
1692 2534 1834 2576 nempe
1866 2536 1959 2564 eum
1977 2564 1979 2566 ,
1994 2527 2125 2564 morte
2157 2535 2299 2564 earum
2334 2536 2438 2575 quae
2466 2535 2554 2563 ma-

175 2598 281 2636 ritos
307 2598 568 2636 arm'serantss
633 2596 763 2651 Quod
801 2610 904 2637 vero
941 2595 1049 2637 idem
1087 2594 1387 2637 emendandum
1416 2602 1532 2651 putat
1558 2599 1721 2651 proelia
1754 2598 2072 2640 carminibus
2105 2600 2323 2653 loquenda,
2364 2611 2431 2642 me
2467 2611 2553 2640 non

174 2671 301 2714 habet
330 2674 638 2721 assentientem,
671 2680 710 2714 et
738 2672 853 2728 quod
891 2673 993 2713 haec
1030 2675 1201 2714 mutatio
1237 2673 1436 2715 audacior
1473 2681 1534 2715 est
1563 2681 1603 2716 et
1632 2674 1753 2731 quod
1782 2676 1942 2716 auctori
1968 2676 2046 2729 ipsi
2074 2674 2276 2716 librorum
2306 2678 2550 2732 scripturam

175 2746 322 2792 deberi
351 2748 558 2799 existimo,
595 2745 666 2804 qui
695 2746 869 2791 fortasse
897 2763 945 2791 ex
973 2747 1014 2800 1.,
1045 2749 1078 2790 1.
1115 2749 1168 2792 24
1217 2749 1393 2804 bellaque
1418 2750 1674 2793 matribus
1701 2752 1911 2802 detestata,
1953 2751 2026 2794 tv.
2054 2753 2093 2803 9,
2119 2752 2186 2795 21.
2214 2753 2387 2795 dicenda
2413 2753 2549 2794 Musis

166 2827 351 2879 proelia,
378 2825 441 2866 15.
471 2827 531 2866 l.:
567 2825 746 2866 Phoebus
771 2827 969 2867 volentem
989 2827 1196 2877 proelia
1221 2840 1283 2868 me
1308 2828 1422 2879 loqui
1446 2840 1520 2868 sna
1549 2826 1755 2868 conflavit.
1812 2828 1989 2871 Horatio
2018 2833 2153 2870 autem
2181 2829 2289 2871 sicut
2316 2834 2397 2870 tam
2426 2826 2553 2870 insul-

170 2915 257 2946 sam
297 2901 543 2945 sententiam
581 2901 739 2944 crimini
766 2899 983 2950 daremus,
1023 2901 1078 2943 ita
1105 2901 1390 2958 interpolatori
1414 2902 1533 2946 facile
1558 2902 1857 2947 condonamus.

350 2999 550 3042 Horatius
588 3014 683 3042 cum
720 2999 804 3042 boc
838 3013 1000 3042 carmen
1036 3001 1268 3055 gravissime
1303 3004 1350 3045 iis
1388 3003 1526 3045 verbis
1562 3003 1833 3046 conclusisset
1869 3003 2022 3058 quibus
2056 3017 2213 3045 summa
2250 3005 2550 3058 exprimeretur

171 3077 287 3134 quasi
323 3083 499 3135 prorsus
536 3074 798 3120 concidentis
838 3073 1081 3118 Hannibalis
1119 3075 1374 3135 desperatio:
1427 3081 1673 3135 Carthagini
1697 3082 1783 3123 tam
1814 3094 1899 3123 non
1923 3094 1998 3135 ego
2023 3083 2192 3123 nuntios
2213 3082 2386 3123 Mittam
2410 3094 2551 3135 super-

174 3155 263 3196 bos.-
297 3156 465 3206 oeddit,
503 3156 653 3197 oceidit
685 3157 786 3211 Spes
820 3155 952 3196 omnis
988 3159 1028 3196 et
1050 3154 1237 3211 fortuna
1269 3160 1403 3200 nostri
1434 3159 1624 3203 Nominis
1656 3158 1910 3201 Hasdrubale
1944 3161 2207 3212 interempto,
2243 3157 2396 3213 quibus
2429 3159 2551 3202 etiam

172 3232 388 3274 Neronum
423 3232 513 3292 laus
550 3233 723 3275 maxime
754 3230 983 3280 extollitur;
1021 3232 1291 3288 interpolator
1318 3233 1424 3277 hanc
1457 3235 1670 3291 stropham
1698 3233 1876 3278 addidit:
1911 3237 1987 3277 Nil
2012 3235 2207 3279 Claudiae
2231 3256 2284 3268 -
2312 3248 2393 3290 per
2424 3241 2549 3278 aucta

126 3344 130 3347 ,
174 3307 275 3350 belli.
344 3308 465 3364 Quae
499 3311 638 3365 inepta
678 3321 772 3353 esse
807 3309 886 3350 iam
922 3322 972 3351 ex
1009 3321 1064 3351 eo
1101 3316 1290 3365 apparet,
1325 3310 1443 3366 quod
1479 3311 1770 3368 interpretibus
1809 3311 2110 3355 dubitationem
2139 3318 2376 3364 moverunt,
2409 3318 2548 3355 utrum
