2905 3773
1316 425 1337 428 ἡ
1399 356 1491 406 XV

255 498 494 542 Hannibalis
512 504 648 540 essent
669 496 797 540 verba
827 511 880 539 an
901 499 1064 554 poetae.
1111 495 1216 539 Mire
1235 503 1369 541 autem
1398 497 1460 550 fit,
1489 505 1535 541 ut
1557 511 1632 555 par
1655 497 1870 553 utriusque
1892 499 2117 539 sententiae
2136 500 2187 541 sit
2203 508 2468 543 momentum.
2523 500 2631 542 Cum

255 578 360 619 enim
388 589 562 633 prorsus
591 576 642 616 sit
668 574 802 616 aliena
831 573 884 615 ab
909 571 1141 616 Hannibale
1169 576 1245 616 ista
1273 576 1422 627 oratio,
1451 577 1607 632 poe‘tae
1630 572 1760 616 debet
1789 587 1901 623 esse;
1928 575 2166 630 pariterque
2184 584 2337 628 contra,
2364 579 2460 634 quia
2484 579 2633 620 inscite

255 653 328 695 illo
372 653 471 695 loco
510 652 612 693 haec
651 653 833 693 auctoris
868 649 994 692 verba
1029 651 1300 704 adderentur,
1346 652 1524 694 orationi
1570 658 1665 692 sunt
1702 650 1932 692 adiicienda
1967 650 2221 697 Hannibalis.
2290 654 2401 710 Ergo
2438 662 2629 697 neutrum

256 729 399 788 potest
427 739 548 773 stare.
606 730 739 785 Quod
768 736 880 771 recte
908 722 1113 786 perspexit
1144 728 1450 785 Peerlkampius
1486 727 1607 770 simul
1642 728 1695 771 de
1722 730 1922 771 orationis
1958 730 2065 770 vitiis
2102 742 2294 771 monens:
2338 734 2453 775 »Alii
2475 740 2631 787 putant

254 812 352 851 haec
378 809 497 850 verba
524 820 603 847 esse
628 807 890 857 Hannibalis,
928 808 1006 848 alii
1016 810 1180 861 poetae,
1208 819 1281 859 ego
1304 808 1580 859 grammatici.
1647 803 1845 847 Ho'ratius
1870 807 1968 847 haec
1994 808 2177 848 orationi
2201 807 2348 848 addere
2373 823 2454 849 non
2475 812 2627 862 potuit.

254 890 327 930 Sic
358 888 468 928 enim
488 887 604 940 perit
627 887 695 926 rei
718 885 988 927 antecedentis
1019 885 1214 937 gravitas.
1277 885 1336 925 Et
1367 881 1505 925 dubito
1541 897 1597 924 an
1634 897 1815 925 manus
1855 883 2102 927 Claudiae
2136 884 2233 926 bene
2267 886 2459 927 dieantur
2484 900 2628 928 manus

259 964 545 1011 Claudiorum,
577 964 712 1015 gentis
752 962 955 1004 Claudiae.
998 982 1050 991 —
1103 959 1374 1001 Hannibalem
1406 960 1504 1001 haec
1538 961 1588 1001 de
1628 960 1798 1002 Claudio
1816 962 1970 1015 facere
2004 969 2303 1014 augur-antem,
2340 970 2398 1003 est
2436 965 2625 1016 ignorare

256 1041 472 1093 ingenium
502 1039 640 1079 Poeni.
699 1038 863 1080 Acuta
888 1037 1014 1078 belli
1031 1050 1184 1090 parum
1209 1037 1362 1078 Latine
1384 1041 1522 1085 sonat,
1550 1050 1625 1077 nec
1641 1039 1832 1077 convenit
1852 1051 1945 1077 cum
1972 1036 2089 1078 verbo
2116 1039 2409 1091 expediunt.
2469 1040 2628 1085 Quanto

251 1119 464 1173 pulchrius
491 1117 647 1171 finitur
673 1128 841 1157 carmen
867 1116 976 1158 dicto
1001 1112 1256 1163 Hannibalis,
1284 1114 1358 1165 qui
1377 1119 1583 1167 conspecto
1608 1115 1741 1167 capite
1756 1114 1959 1167 fraterno
1985 1115 2226 1156 exclamasse
2252 1116 2432 1156 dicitur:
2470 1116 2510 1157 A
2513 1130 2630 1169 gno-

252 1209 329 1235 sco
352 1196 635 1247 fortunam
666 1192 1015 1242 Carthaginis.
1077 1191 1171 1230 Liv.
1200 1191 1387 1231 XXVII.
1425 1191 1518 1232 51.«
1577 1189 1625 1230 In
1653 1189 1714 1230 his
1743 1204 1850 1243 quae
1878 1190 1932 1231 de
1963 1191 2146 1232 Claudiis
2172 1193 2357 1232 manibus
2386 1192 2494 1232 dicta
2523 1200 2631 1240 sunt,

255 1275 295 1314 in
324 1269 454 1313 dubio
484 1267 693 1323 relinquo:
741 1265 858 1324 quod
887 1274 1023 1309 autem
1060 1265 1129 1308 ille
1156 1268 1323 1321 poetam
1350 1271 1467 1320 putat
1502 1268 1751 1321 scripturum
1780 1266 1933 1309 fuisse:
1977 1268 2055 1308 Nil
2088 1266 2299 1309 Claudii
2331 1282 2414 1309 non
2440 1269 2627 1321 efficient

257 1362 393 1398 manu,
425 1347 556 1394 Quos
592 1350 631 1387 et
658 1344 831 1398 benigno
859 1346 970 1394 cett,
997 1355 1049 1385 ne
1076 1344 1136 1385 sic
1164 1339 1332 1399 quidem
1361 1342 1593 1385 orationem
1635 1344 1747 1386 omni
1783 1342 2019 1386 offensione
2047 1342 2139 1385 fore
2174 1341 2347 1386 liberam
2382 1356 2480 1387 mox
2514 1343 2627 1387 vide-

257 1424 403 1466 bimus.
465 1422 611 1475 Neque
639 1426 762 1461 acuta
789 1420 883 1460 belli
908 1418 1098 1474 equidem
1126 1417 1413 1459 damnaverim.
1469 1418 1575 1459 Nam
1603 1425 1743 1474 potest
1771 1421 1908 1475 imago
1932 1418 2059 1460 ducta
2086 1431 2177 1460 esse
2206 1432 2230 1459 a
2257 1420 2462 1472 sentibus,
2490 1424 2628 1479 spinis,

255 1499 474 1547 similibus,
502 1496 653 1551 quihus
683 1502 939 1537 transeuntes
966 1493 1086 1536 facile
1114 1494 1428 1536 inhaeroecimus
1465 1501 1507 1537 et
1534 1493 1791 1549 impedimur.
1861 1496 1969 1537 Sunt
1993 1501 2097 1537 'vero
2123 1495 2200 1536 alia
2229 1510 2338 1552 qnae
2365 1498 2459 1539 mihi
2489 1498 2628 1555 displi-

258 1583 389 1617 ceant.
448 1575 623 1614 Primum
662 1575 767 1613 enim
806 1573 996 1624 defendit
1020 1584 1107 1612 non
1145 1573 1242 1611 satis
1269 1583 1394 1625 grave
1419 1571 1515 1612 mibi
1542 1571 1725 1620 videtur,
1761 1574 1860 1626 quia
1885 1571 2070 1626 luppiter
2098 1585 2183 1613 non
2210 1574 2430 1625 defendere
2457 1583 2626 1625 tantum,

258 1653 332 1695 sed
362 1655 481 1694 etiam
502 1663 740 1704 promovere
768 1655 809 1689 et
837 1649 1034 1690 adiuvare
1061 1646 1268 1703 putandus
1297 1653 1359 1689 est
1389 1648 1577 1690 Nerones
1607 1647 1716 1690 ultro
1745 1647 1905 1691 hostem
1941 1646 2234 1703 aggredientes,
2300 1648 2467 1692 Deinde
2503 1666 2626 1693 curae

257 1744 418 1786 sagaces
446 1741 532 1772 non
561 1726 701 1769 addito
738 1727 984 1781 pronomine
1022 1724 1194 1769 dubium
1229 1725 1475 1780 relinquitur
1509 1725 1671 1768 lovisne
1704 1728 1782 1768 sint
1819 1739 1872 1768 an
1901 1724 2194 1776 Claudiorum,
2229 1727 2307 1768 nisi
2333 1724 2444 1769 forte
2471 1741 2495 1769 a
2523 1727 2623 1770 Iove

261 1808 416 1851 alienae
445 1812 542 1848 sunt
578 1817 701 1846 curae
736 1816 913 1858 sagaces,
982 1800 1185 1845 Claudios
1223 1808 1360 1844 autem
1398 1815 1491 1844 cum
1527 1804 1705 1858 scriptor
1743 1801 1911 1857 intelligi
1945 1801 2090 1852 vellet,
2125 1814 2358 1857 pronomen
2385 1798 2621 1848 addendum

261 1893 348 1928 erat
374 1888 552 1937 ipsorum
581 1889 651 1923 aut
678 1896 784 1932 suae,
812 1893 893 1936 qua
922 1878 1088 1937 quidem
1110 1886 1227 1936 parte
1255 1878 1421 1922 laborat
1441 1893 1564 1935 quam
1592 1892 1717 1936 supra
1739 1881 2056 1922 commemoravi
2083 1878 2349 1935 Peerlkampii
2377 1881 2622 1925 emendatio.

261 1960 468 2004 Sufficere
496 1959 596 2000 haec
626 1956 804 1998 arbitror
831 1957 884 1997 ad
912 1957 1123 2012 stropham
1151 1957 1257 1998 banc
1285 1955 1652 1999 condemnandam.
