2674 3699
1295 416 1368 466 IV

139 558 236 598 satis
262 556 359 598 mihi
385 554 552 597 videtur
580 554 898 600 demonstrasse.
956 557 1013 599 Ut
1040 572 1143 600 vero
1173 558 1276 615 quid
1304 559 1358 601 de
1390 557 1676 613 Peerlkampio
1703 557 1874 599 sentiam
1904 554 2129 606 declarem,
2157 556 2342 612 quamvis
2368 558 2521 612 saepis·

138 633 239 673 sime
266 645 357 673 mea
385 634 593 676 sententia
628 632 683 676 ab
717 632 828 677 illius
863 633 1017 677 iudicio
1054 633 1282 692 discrepet,
1327 636 1513 693 quamvis
1548 648 1634 676 non
1661 647 1759 676 raro
1786 632 1857 676 ille
1884 632 2065 690 argutius
2100 646 2223 690 quam
2250 632 2389 674 verius
2417 631 2521 675 iudi-

139 709 259 758 carit,
286 707 417 749 multa
438 710 543 750 mira
564 709 798 765 protulerit,
820 708 1022 752 interdum
1042 712 1349 767 propemodum
1375 710 1645 753 calumniatus
1665 710 1715 751 sit
1739 712 1997 766 omninoque
2016 722 2142 765 saepe
2160 711 2314 766 poetae
2337 708 2522 749 iniuriam

135 784 300 833 fecerit,
343 792 483 827 tamen
521 787 640 828 etiam
676 802 819 829 verum
854 788 1089 843 saepissime
1124 788 1278 830 vidisse
1313 788 1407 830 mihi
1441 785 1607 828 videtur
1640 792 1681 827 et
1717 788 1888 828 omnino
1918 799 2007 828 non
2038 784 2145 827 male
2173 785 2226 827 de
2254 788 2379 842 poeta
2407 786 2523 826 meri-

139 868 206 903 tus
236 875 342 904 esse.
396 861 444 904 In
472 861 555 904 hoc
582 869 717 905 tamen
743 877 829 906 non
848 861 980 906 levem
1007 878 1191 907 errorem
1217 864 1327 907 idem
1353 864 1574 912 commisit,
1603 876 1726 918 quem
1755 863 1834 904 iam
1864 860 1918 904 ab
1946 861 2035 904 aliis
2060 863 2157 904 viris
2186 861 2321 904 doctis
2338 868 2523 904 notatum

143 940 328 988 memini,
373 939 490 996 quod
525 938 624 981 nihil
658 940 735 980 nisi
772 938 888 995 quod
925 939 1117 983 omnibus
1153 955 1286 998 paene
1321 941 1502 982 numeris
1540 938 1775 982 absolutum
1815 945 1925 981 esset
1961 938 2140 981 Horatio
2176 938 2341 995 dignum
2376 944 2524 995 putans

136 1015 446 1073 propemodum
475 1014 679 1074 quidquid
707 1015 843 1073 aliqua
868 1015 923 1058 de
943 1031 1067 1059 causa
1095 1016 1412 1074 vituperandum
1442 1016 1521 1059 sibi
1550 1015 1763 1059 videretur
1790 1015 1844 1058 ab
1871 1015 1945 1058 illo
1974 1017 2133 1058 censuit
2160 1030 2246 1058 non
2272 1030 2399 1073 posse
2425 1029 2523 1072 pro-

136 1093 292 1135 fectum
323 1108 426 1135 esse.
481 1094 554 1134 Me
581 1092 746 1149 quidem
774 1095 812 1135 ei
839 1108 928 1135 non
955 1097 1183 1152 principem
1210 1098 1317 1137 inter
1344 1099 1494 1152 poetas
1521 1095 1679 1150 lyricos
1707 1095 1846 1137 locum
1884 1093 2120 1136 concedere
2145 1096 2224 1136 iam
2253 1109 2377 1149 supra
2405 1096 2526 1148 sigui-

139 1169 283 1221 ficavi,
329 1168 439 1211 unde
476 1172 683 1227 sequitur,
724 1176 770 1213 ut
805 1171 925 1214 etiam
962 1173 1096 1214 minus
1134 1171 1248 1215 bona
1290 1179 1331 1215 et
1366 1173 1516 1215 vitiosa
1559 1170 1612 1215 ab
1648 1186 1701 1215 eo
1740 1170 1820 1214 dici
1857 1172 2041 1228 potuisse
2075 1177 2228 1227 putem.
2288 1170 2377 1213 Erit
2405 1171 2524 1226 igitur

142 1245 347 1304 quaedam
377 1248 494 1302 quasi
520 1261 664 1289 norma
693 1247 947 1299 adhibenda,
978 1264 1059 1305 qua
1085 1250 1185 1305 quid
1208 1250 1388 1292 Horatio
1409 1249 1590 1305 dignum,
1619 1248 1719 1305 quid
1742 1248 1950 1304 indignum
1974 1261 2214 1290 censeamus
2237 1249 2522 1290 constituatur.

143 1324 282 1378 Quam
313 1322 479 1378 quidem
508 1325 679 1365 maxime
706 1324 832 1366 multa
861 1332 902 1367 et
930 1325 1234 1381 diligentissima
1264 1326 1393 1368 lectio
1422 1325 1639 1382 praebebit
1666 1325 1947 1379 iudiciumque
1983 1324 2117 1365 multo
2152 1338 2232 1365 usu
2261 1325 2523 1365 exercitatum

141 1407 183 1443 et
228 1399 458 1442 subactum.
541 1401 602 1442 Ex
645 1402 692 1443 iis
737 1409 871 1444 autem
918 1417 1026 1459 quae
1072 1402 1371 1446 dubitationem
1416 1416 1501 1445 non
1546 1402 1765 1445 admittunt
1808 1402 2005 1444 iudicium
2047 1401 2311 1444 fumandum
2360 1402 2435 1442 erit
2472 1399 2525 1441 de

145 1477 284 1519 dubiis
321 1483 362 1518 et
400 1479 615 1533 suspectis.
688 1478 905 1535 Quidquid
934 1492 1037 1521 vero
1076 1478 1130 1521 de
1164 1481 1336 1535 poetico
1374 1479 1537 1520 Horatii
1571 1481 1736 1534 ingenio
1772 1478 1985 1530 iudicaris,
2028 1478 2111 1520 hoc
2144 1477 2312 1534 quidem
2347 1491 2439 1518 cum
2477 1490 2523 1517 ex

141 1554 418 1598 Sermonibus
448 1556 555 1604 eius,
591 1562 676 1596 tum
706 1557 880 1598 maxime
909 1570 956 1598 ex
984 1556 1185 1613 Epistolis
1214 1563 1405 1613 apparet,
1441 1555 1583 1598 limato
1611 1556 1726 1599 illum
1754 1557 1881 1599 fuisse
1906 1555 2137 1612 praeditum
2164 1555 2318 1597 iudicio
2346 1553 2525 1596 subtilis-

139 1633 331 1688 simoque
368 1633 469 1673 recti
503 1639 544 1673 et
579 1632 741 1688 pulchri
778 1647 926 1684 sensu,
975 1640 1022 1676 ut-
1060 1647 1114 1676 ne
1153 1636 1194 1676 in
1231 1633 1482 1676 carminibus
1516 1632 1705 1692 quidem,
1743 1631 1895 1689 quibus
1931 1633 2020 1688 ipse
2056 1632 2193 1675 multis
2230 1631 2333 1674 locis
2368 1638 2524 1673 tantum

147 1709 301 1751 tribuat
321 1709 678 1768 immortalemque
697 1709 796 1753 inde
822 1710 987 1753 laudem
1008 1710 1088 1753 sibi
1108 1718 1353 1767 auguretur,
1382 1718 1451 1753 aut
1468 1724 1515 1752 ea
1541 1724 1647 1767 quae
1672 1713 1901 1753 orationem
1917 1709 2072 1752 habent
2086 1711 2293 1755 vitiosam.
2321 1715 2391 1750 aut
2418 1721 2525 1763 quae

142 1789 326 1842 ineptam
356 1787 556 1842 praebent
586 1790 847 1838 sententiam,
883 1795 952 1830 aut
986 1788 1168 1845 denique
1203 1803 1312 1845 quae
1349 1789 1448 1831 loco
1477 1790 1618 1844 inepto
1653 1795 1749 1831 sunt
1775 1790 1930 1844 posita,
1966 1787 2088 1844 digna
2123 1787 2197 1829 illo
2234 1794 2305 1828 aut
2332 1785 2524 1842 proiecta

137 1864 191 1906 ab
229 1864 303 1906 illo
338 1862 470 1905 videri
505 1863 704 1915 debeant,
753 1864 853 1907 licet
890 1867 979 1921 ipse
1012 1869 1134 1908 etiam
1170 1866 1374 1908 interdum
1412 1865 1705 1908 dormitaverit.
1762 1866 1871 1907 Tota
1908 1871 2045 1907 autem
2081 1864 2185 1906 haec
2212 1865 2401 1919 quaestio
2431 1876 2523 1904 cum

140 1940 262 1997 digna
303 1939 399 1981 mihi
436 1941 523 1981 visa
561 1947 671 1982 esset
710 1955 818 1998 quae
853 1941 1044 1985 subtilius
1083 1949 1331 1985 tractaretur
1369 1950 1409 1986 et
1445 1941 1497 1985 ad
1533 1941 1658 1987 finem
1689 1948 1884 2000 quantum
1922 1940 2015 1984 fieri
2042 1947 2186 1999 posset
2213 1938 2525 1997 perduceretur,

140 2017 359 2061 consilium
398 2030 609 2073 ceperam,
654 2019 687 2059 si
725 2017 835 2061 idem
874 2021 1032 2062 animus
1071 2021 1167 2063 mihi
1203 2027 1407 2072 maneret,
1454 2021 1641 2077 proxima
1679 2034 1786 2078 quae
1821 2019 1918 2062 mihi
1960 2017 2123 2061 edenda
2159 2024 2266 2060 esset
2301 2016 2525 2072 scriptione

137 2094 387 2137 scholastica
416 2108 504 2135 eam
535 2108 785 2151 proponere.
850 2096 1008 2139 Verum
1047 2113 1140 2139 cum
1177 2100 1212 2139 is
1242 2099 1312 2154 qui
1349 2111 1460 2139 nunc
1486 2111 1744 2154 programma
1780 2100 2011 2155 scripturus
2052 2102 2141 2137 erat
2176 2093 2314 2136 multis
2350 2093 2524 2148 negotiis

138 2172 360 2229 impeditus
397 2185 470 2212 sua
504 2170 726 2214 absolvere
760 2187 847 2215 non
884 2177 1108 2230 potuisset,
1147 2189 1244 2231 ego,
1285 2190 1339 2216 ne
1368 2174 1493 2231 plane
1532 2173 1697 2217 deesset
1733 2174 1824 2217 talis
1852 2173 2166 2231 scriptiuncula,
2208 2174 2286 2214 iam
2325 2184 2436 2212 nunc
2471 2168 2524 2210 de

135 2249 298 2305 aliquot
327 2248 488 2289 Horatii
518 2248 789 2300 carminibus,
828 2251 870 2292 in
908 2250 1060 2307 quibus
1096 2266 1204 2307 quae
1244 2251 1552 2308 Peerlkampius
1589 2253 1631 2294 in
1660 2252 1938 2308 suspicionem
1975 2264 2060 2292 non
2087 2250 2253 2292 vocavit
2278 2261 2355 2303 ego
2383 2247 2522 2302 spuria

136 2339 228 2367 esse
257 2326 546 2374 existimarem,
583 2328 824 2367 sententiam
854 2341 984 2368 meam
1008 2326 1219 2385 explicavi.
1277 2327 1410 2384 Quod
1440 2342 1525 2385 quo
1555 2328 1733 2370 facerem
1759 2326 1978 2378 audacius,
2006 2326 2211 2382 permovit
2235 2337 2301 2365 me
2323 2321 2523 2380 quodam-

134 2400 266 2442 modo
307 2399 417 2441 God.
456 2401 680 2443 Hermanni
721 2404 967 2454 auctoritas,
1015 2406 1086 2461 qui
1134 2405 1305 2446 similem
1355 2404 1559 2446 eiusmodi
1606 2402 2065 2446 commentatiunculam
2111 2400 2165 2442 de
2203 2401 2340 2444 Carm.
2374 2398 2446 2440 lv.
2481 2400 2520 2441 8.

130 2494 172 2520 v.
203 2477 377 2519 15-20.
416 2484 508 2519 ante
547 2477 624 2520 hos
661 2486 822 2536 septem
866 2494 997 2523 annos
1036 2496 1058 2523 a
1099 2496 1165 2524 me
1204 2481 1352 2524 editam
1394 2479 1688 2538 approbasset,
1730 2487 1771 2523 et
1807 2482 1925 2522 cuius
1963 2493 2057 2522 cum
2086 2478 2285 2520 sententia
2313 2477 2408 2519 mihi
2436 2484 2519 2519 tum

130 2557 279 2611 ignota
309 2553 362 2596 de
390 2553 523 2596 carm.
552 2555 595 2605 1.,
624 2557 656 2597 l.
687 2571 775 2598 mea
813 2560 1103 2614 congruissset.

883 2679 964 2728 De
1009 2681 1162 2728 Carni.
1196 2682 1250 2737 1.‚
1286 2684 1327 2729 1.
1355 2700 1396 2730 v.
1433 2685 1474 2729 1.
1507 2683 1551 2729 2.
1581 2683 1658 2730 35.
1694 2683 1770 2730 36.

311 2772 420 2813 Cum
452 2773 596 2812 multis
630 2777 743 2814 annis
766 2777 987 2816 interiectis
1016 2777 1157 2818 denuo
1187 2778 1270 2818 hoc
1299 2792 1465 2819 carmen
1491 2778 1688 2835 legerem,
1725 2782 1891 2831 iterum,
1920 2781 2063 2820 utiam
2089 2775 2161 2816 diu
2184 2782 2224 2816 et
2251 2787 2376 2829 saepe
2403 2779 2521 2812 autea

128 2851 283 2891 factum
314 2857 422 2896 erat,
467 2850 694 2891 offensioni
728 2853 824 2893 mihi
857 2853 1023 2893 fuerunt
1058 2855 1144 2895 duo
1174 2871 1318 2896 versus
1351 2857 1478 2897 ultimi
1509 2865 1550 2897 et
1577 2844 1779 2897 sententia
1817 2871 1961 2911 parum
1991 2863 2084 2910 apta
2112 2862 2153 2894 et
2181 2852 2381 2893 orationis
2408 2851 2521 2897 vitio,

126 2927 222 2983 quia
245 2940 325 2983 pro
345 2928 491 2980 quodsi
513 2928 791 2983 oppositionis
818 2929 924 2971 ratio
952 2936 1022 2971 aut
1047 2932 1190 2984 quodsi
1201 2939 1267 2981 tu,
1294 2932 1410 2988 quod
1429 2942 1565 2975 tamen
1582 2940 1756 2975 metrum
1776 2948 1861 2975 non
1881 2931 2133 2982 admitteret,
2161 2935 2232 2971 aut
2249 2934 2296 2969 tu
2322 2928 2361 2968 si
2377 2932 2520 2982 postu-

126 3002 241 3045 laret.
289 3003 541 3044 Sententiam
566 3008 704 3045 autem
724 3017 867 3060 parum
892 3012 1026 3062 aptam
1049 3004 1157 3058 dico,
1182 3008 1278 3064 quia
1300 3009 1334 3050 si
1356 3007 1543 3065 Euterpe
1565 3015 1607 3052 et
1629 3007 1904 3066 Polyhymnia
1923 3009 2077 3065 poetae
2097 3005 2236 3049 favent
2256 3003 2315 3057 (ν.
2331 3001 2396 3045 33-
2412 3001 2519 3057 34).

128 3082 150 3120 i.
180 3094 213 3120 e.
244 3081 277 3120 si
315 3081 524 3136 ingenium
565 3078 692 3121 babet
721 3083 954 3139 poeticum,
992 3082 1244 3125 Maecenatis
1273 3084 1429 3128 iudicio
1460 3088 1647 3145 quamvis
1683 3084 1818 3144 polito
1856 3092 1990 3128 tamen
2028 3085 2193 3127 nimium
2227 3078 2371 3122 tribuit
2400 3085 2440 3121 et
2467 3076 2521 3119 ad

126 3157 327 3211 indignam
359 3157 578 3199 descendit
608 3157 904 3200 adulationem.
959 3159 1123 3201 Deinde
1146 3176 1250 3203 vero
1276 3164 1392 3204 nimis
1414 3170 1540 3204 tenue
1562 3171 1602 3205 et
1625 3166 1806 3205 ieiunum
1830 3162 1930 3204 mihi
1953 3160 2193 3207 videbatur,
2222 3156 2337 3214 quod
2358 3155 2521 3212 grandi-

128 3233 296 3290 loquam
321 3233 430 3277 illam
454 3233 776 3279 allocutionem:
816 3239 1049 3289 Maecenas,
1078 3241 1209 3280 atavis
1231 3240 1337 3281 edite
1359 3239 1533 3294 regibus,
1562 3255 1585 3282 o
1607 3247 1647 3282 et
1659 3242 1918 3294 praesidium
1938 3248 1980 3283 et
2000 3241 2117 3283 dulce
2136 3239 2256 3280 decus
2277 3250 2422 3286 maura,
2450 3236 2519 3277 tri-

129 3312 237 3366 ginta
265 3310 432 3354 duobus
462 3311 655 3355 versibus
684 3314 909 3356 interiectis
938 3313 1038 3356 nihil
1062 3313 1114 3357 ad
1140 3314 1419 3359 Maecenatem
1443 3315 1745 3373 pertinentibus
1767 3317 1900 3373 iisque
1920 3318 2016 3359 satis
2039 3313 2152 3358 exilis
2174 3312 2398 3370 argumenti
2420 3309 2521 3354 nihil

128 3394 372 3441 sequeretur
409 3390 485 3429 nisi
525 3389 636 3432 hoc:
683 3391 828 3444 quodsi
851 3404 916 3431 me
941 3393 1084 3445 lyra-is
1116 3392 1275 3434 vatibus
1304 3396 1469 3443 inseris,
1506 3394 1669 3446 insigni
1689 3393 1857 3446 femiam
1883 3393 2019 3435 sidera
2044 3393 2203 3434 vertice.
2269 3389 2359 3432 Nec
2386 3396 2521 3431 tamen
