2905 3773
1333 351 1510 428 .--ΥΠ
1560 421 1595 423 .,

1216 483 1296 536 De
1330 487 1484 537 Carni.
1524 484 1584 534 11.
1625 484 1698 532 13.

370 576 449 616 [ιιι
474 581 518 615 ot
539 575 703 627 nefasto
730 579 770 613 te
789 575 934 626 ponat
958 574 1036 623 dte,
1278 570 1281 573 '
1499 574 1610 620 Quid
1632 574 1801 626 quisque
1826 573 1953 620 vitet,
1988 584 2197 623 nmquam
2223 573 2385 616 huma·
2402 576 2504 611 mae

300 657 302 659 ¹
373 639 1296 693 Qa'cunqaeaepnbmmetsamkgamanu
1496 636 2422 690 Gaumminhormenavitanoepoe-am

451 704 676 757 Roda-vit,
713 702 851 756 arbos,⁴
885 705 934 749 in
959 711 1151 760 nepot-em
1575 705 1735 746 Poenus
1754 701 2036 757 perhorrescit
2058 715 2188 756 neque
2206 702 2323 744 -ultra
2501 700 2554 743 15

400 783 403 784 ⁷
547 772 778 812 Perniciem
804 770 1141 826 opprobriumque
1158 775 1288 827 ραχὺ
1675 769 1802 812 Caeca
1828 769 1948 809 timet
1974 767 2143 808 aliunde
2156 766 2278 821 fato,

365 855 488 900 ulum
515 863 558 898 et
584 859 763 913 parentis
792 856 1037 900 crediderim
1064 860 1129 900 sui
1344 861 1372 903 5
1490 857 1615 897 Miles
1641 858 1815 910 sagittas
1842 862 1883 896 et
1918 856 2087 896 celerem
2100 853 2268 908 fugem

368 921 558 979 Fregisse
586 923 789 964 cervicem
818 929 860 964 et
893 922 1118 980 penetralia
1490 920 1658 970 Parthi,
1696 926 1860 962 catenas
1886 919 2067 961 Parthus
2094 923 2136 959 et
2159 917 2315 959 Italum

446 987 655 1044 Sparsisse
682 994 893 1031 nocturno
921 1003 1075 1031 cruore
1566 986 1733 1034 Robur;
1771 986 1843 1027 sed
1866 986 2089 1039 improvisa
2113 985 2191 1025 leti

544 1053 753 1109 Hospitis;
787 1052 857 1095 ille
884 1066 1048 1097 venena
1076 1053 1238 1099 Colcha
1677 1052 1717 1093 V
1711 1053 1747 1091 ί*
1773 1051 1921 1103 rapuit
1945 1050 2160 1103 ’ΜΨ
2173 1050 2324 1102 ΕΜ·
2504 1045 2560 1090 m

367 1138 422 1182 Et
453 1139 659 1196 quidquid
686 1155 861 1199 usquam
889 1143 1124 1197 concipitur
1155 1143 1271 1186 nefas
1493 1148 1632 1203 Quam
1664 1162 1799 1204 paene
1827 1148 1971 1188 furvae
2000 1160 2126 1201 regua
2157 1144 2430 1202 Proserpinae

369 1204 602 1259 Tffl⁰t³V5t2
640 1219 739 1263 agro
769 1207 840 1263 qui
866 1207 1006 1250 statuit
1025 1220 1120 1251 meo
1320 1211 1373 1254 1⁰
1490 1212 1544 1257 Et
1571 1203 1823 1257 iudicantem
1852 1211 2031 1256 vidimus
2058 1212 2243 1255 Aeacum

446 1272 530 1324 Τθ,
565 1274 682 1314 *mle
708 1271 884 1328 Beuum,
906 1277 960 1313 ‘te
985 1270 1185 1316 caducum
1574 1277 1800 1336 Sedesque
1826 1279 2027 1321 discretas
2055 1280 2219 1333 piorum
2256 1284 2297 1318 et

545 1338 593 1380 In
621 1337 779 1380 domini
806 1336 933 1392 caput
963 1339 1221 1381 immerentis.
1675 1344 1835 1386 Aeoliis
1863 1343 2022 1384 fidibus
2049 1348 2293 1398 querentem
2323 1347 2417 1382 cett.

454 1447 580 1503 Quae
607 1448 649 1488 in
677 1446 740 1488 his
769 1447 974 1493 eiicienda
1003 1455 1211 1504 putarem,
1240 1449 1508 1509 Peerlkampii
1534 1452 1726 1509 exemplo
1755 1436 1959 1494 inclinatis
1986 1452 2214 1496 litterarum
2248 1450 2393 1492 formis
2420 1447 2659 1504 significavi.

276 1529 339 1571 Ac
367 1527 537 1586 primam
568 1521 737 1582 quidem
766 1523 978 1581 stropham
1008 1527 1087 1568 iam
1117 1525 1424 1586 Peerlkampius
1450 1529 1670 1573 damnavit
1720 1533 1919 1573 »Guietus
1945 1532 2092 1580 etiam,
2120 1530 2271 1585 inquit,
2307 1534 2502 1583 quattuor
2523 1541 2661 1568 ver-m

274 1605 451 1650 sustulit
505 1602 645 1658 Neque
670 1602 767 1644 haec
794 1606 878 1643 tam
898 1601 1142 1663 perturbato
1167 1604 1379 1649 verborum
1405 1608 1549 1650 ordine
1574 1623 1601 1650 a
1627 1606 1726 1650 bono
1751 1609 1949 1663 scriptore
1974 1607 2063 1649 did
2082 1611 2321 1661 potuerunt.
2388 1603 2482 1649 Viri
2503 1600 2664 1645 eruditi

279 1671 409 1726 variis
435 1680 680 1722 coniecturis
709 1678 990 1721 obscuritatem
1021 1681 1230 1725 t'llustrare
1254 1689 1479 1726 tentarunt.
1535 1684 1723 1740 Cogitavi
1752 1684 1973 1739 aliquando
2008 1685 2059 1726 de
2079 1683 2210 1725 verbis
2232 1685 2295 1725 ita
2323 1679 2659 1737 transponenda:

276 1760 532 1816 Quicunque
550 1758 725 1812 primum
756 1762 797 1796 te
812 1758 952 1811 posuit
970 1755 1037 1798 die
1058 1755 1134 1799 llle
1150 1765 1190 1799 et
1206 1758 1366 1803 nefasto
1393 1768 1432 1802 et
1447 1760 1642 1816 sacrilega
1666 1774 1790 1802 manu
1809 1760 2018 1802 Produxit.
2062 1762 2147 1801 Sed
2164 1774 2302 1801 versus
2322 1765 2424 1799 eunt
2441 1758 2590 1811 spurii,
2618 1760 2661 1795 et

267 1842 441 1893 propter
455 1834 697 1877 intricatam
724 1833 837 1875 illam
860 1837 1218 1888 constructionem,
1246 1844 1287 1879 et
1312 1840 1472 1892 ineptas
1485 1841 1552 1881 rei
1570 1839 1746 1881 eiusdem
1770 1840 1859 1879 sine
1884 1839 1971 1880 ulla
1992 1840 2201 1893 gravitate
2224 1838 2495 1890 repetimus.
2558 1833 2658 1880 Quis

273 1916 384 1956 enim
400 1925 527 1967 aequo
549 1911 687 1951 animo
701 1910 954 1963 haee-ferat.-
985 1911 1225 1966 Quicunque
1244 1920 1286 1954 te
1305 1915 1455 1969 posuit,
1479 1914 1685 1969 produxit,
1705 1928 1732 1956 o
1755 1913 1899 1964 arbos,
1928 1917 2002 1968 qui
2018 1920 2059 1955 te
2071 1915 2208 1955 statuit
2230 1926 2329 1969 agro
2351 1899 2460 1962 meo,
2488 1924 2517 1952 o
2542 1910 2657 1951 triste

273 1990 480 2048 lignum?«
546 1985 663 2027 Haec
699 1986 887 2041 quamvis
925 1987 1138 2029 verissime
1174 1986 1281 2029 dicta
1319 1988 1415 2030 mihi
1452 1987 1691 2042 videantur,
1730 1997 1825 2032 sunt
1860 1997 1995 2031 tamen
2030 1992 2150 2031 etiam
2180 1988 2257 2031 alia
2292 2001 2400 2045 quae
2433 1984 2658 2044 repreben-

275 2067 393 2109 sione
429 2061 547 2120 digna
585 2063 665 2103 sint
700 2068 741 2103 et
776 2061 830 2103 ab
867 2064 1056 2106 oratione
1091 2070 1131 2105 et
1168 2077 1191 2105 a
1225 2067 1438 2107 sententia.
1511 2067 1578 2108 De
1613 2065 1683 2108 illa
1720 2072 1767 2107 ut
1802 2065 1932 2123 prius
1952 2079 2173 2122 exponam,
2206 2066 2297 2122 quis
2325 2064 2543 2107 Horatium
2572 2067 2656 2102 tam

276 2143 424 2186 inscite
451 2153 537 2182 rem
564 2141 694 2195 egisse
716 2139 940 2194 putaverit,
970 2146 1016 2181 ut
1038 2122 1108 2181 ille
1129 2147 1170 2181 et
1189 2163 1240 2172 -
1264 2148 1306 2182 et
1326 2164 1379 2173 —
1400 2144 1517 2183 illum
1536 2150 1579 2184 et
1596 2166 1649 2174 —
1677 2150 1717 2184 et
1736 2166 1787 2174 —
1816 2145 1885 2184 ille
1912 2166 1965 2175 —
1994 2150 2034 2184 et
2060 2168 2112 2176 —
2141 2142 2317 2185 diceret?
2372 2136 2659 2182 Tolerabilior

272 2218 420 2278 paullo
448 2216 582 2260 forma
610 2222 695 2258 tum
724 2214 901 2258 fortasse
930 2214 1023 2268 fiet,
1060 2217 1095 2258 si
1124 2223 1166 2258 et
1190 2232 1228 2260 v.
1257 2218 1296 2261 5
1335 2231 1414 2277 pro
1450 2222 1573 2261 etiam
1611 2218 1765 2263 dictum
1802 2218 2048 2276 putabimus.
2114 2222 2168 2263 At
2201 2234 2286 2263 nou
2321 2216 2494 2262 multum
2523 2214 2659 2258 lucra-

275 2297 414 2341 bimur
451 2300 625 2352 propter
664 2294 890 2336 sententiae
927 2291 1075 2335 labem.
1142 2292 1248 2336 Nam
1285 2293 1387 2351 quid
1423 2302 1484 2337 est
1519 2296 1701 2339 arborem
1739 2300 1939 2351 sacrilega
1975 2312 2104 2339 manu
2131 2299 2390 2353 producere?
2429 2294 2662 2337 Producere

275 2376 382 2417 enim
411 2371 603 2415 arborem
634 2384 727 2412 cum
753 2369 853 2412 nihil
882 2371 1012 2426 possit
1036 2382 1128 2411 esse
1148 2371 1225 2411 nisi
1245 2373 1490 2425 grosuiehn,
1516 2385 1639 2414 manu
1664 2372 1831 2429 quidem
1861 2372 1944 2414 hoc
1964 2387 2226 2431 nequaquam
2258 2372 2329 2423 fit,
2358 2374 2434 2414 etsi
2455 2368 2660 2427 quaedam

274 2465 398 2495 mauu
425 2455 519 2492 sunt
550 2445 804 2504 peragenda,
833 2453 880 2488 ut
895 2444 995 2502 palo
1015 2443 1216 2501 alliganda
1243 2445 1380 2497 arbor,
1409 2446 1669 2504 amputanda,
1699 2448 1912 2504 irriganda,
1936 2449 2024 2493 alia.
2080 2447 2246 2492 Deinde
2271 2450 2374 2490 mire
2392 2461 2495 2490 sane
2507 2445 2660 2487 dictum

275 2533 324 2571 in
349 2526 611 2583 opprobrium
631 2527 742 2579 pagi
769 2521 962 2588 arborem
992 2520 1101 2564 illam
1131 2535 1223 2565 esse
1250 2525 1425 2579 positam
1455 2531 1497 2566 et
1523 2523 1790 2580 productam,
1827 2527 1942 2583 quasi
1971 2528 2063 2583 pagi
2093 2526 2231 2583 aliqua
2253 2527 2387 2582 possit
2413 2537 2505 2568 esse
2525 2522 2661 2580 culpa.

275 2605 405 2649 Certe
440 2600 578 2645 multis
615 2602 730 2657 pagis
771 2599 865 2643 talis
902 2599 1025 2663 culpa
1061 2596 1240 2654 indeque
1275 2599 1549 2656 opprobrium
1586 2609 1699 2644 esset
1741 2602 2018 2648 tribuendum.
2084 2606 2165 2647 Vix
2202 2605 2327 2659 igitur
2362 2602 2534 2644 dubium
2571 2613 2663 2643 esse

273 2687 436 2739 potest,
479 2679 578 2735 quin
610 2678 681 2732 qui
718 2676 827 2718 hanc
864 2673 1077 2732 stropham
1112 2677 1320 2730 praemisit
1353 2677 1571 2719 Horatium
1600 2684 1640 2719 et
1675 2677 1808 2719 forma
1833 2682 2039 2722 orationis
2075 2680 2295 2723 infeliciter
2331 2682 2510 2721 imitatus
2545 2679 2595 2718 sit
2623 2683 2663 2718 et

274 2757 517 2802 sententiam
552 2754 659 2796 male
680 2754 919 2805 variaverit,
946 2755 987 2795 in
1016 2766 1102 2808 quo
1125 2751 1408 2795 intolerabiles
1433 2752 1592 2796 admisit
1610 2757 1886 2812 repetitiones.
1928 2758 2036 2801 Nam
2051 2766 2218 2817 praeter
2231 2772 2280 2799 ea
2301 2769 2410 2815 quae
2432 2753 2664 2797 Peerlkam-

221 2862 224 2865 -
271 2837 365 2892 pius
382 2833 527 2883 attulit,
548 2834 771 2887 sacrilegae
784 2834 934 2874 manui
953 2827 1181 2886 respondet
1199 2830 1327 2884 patris
1352 2835 1391 2870 et
1407 2828 1583 2885 hospitis
1597 2831 1761 2883 caedes,
1780 2834 1982 2875 veneficia
2000 2843 2041 2877 et
2067 2833 2272 2894 quidquid
2289 2846 2463 2890 usquam
2479 2832 2659 2886 concipi-

266 2919 336 2953 tur
360 2909 493 2957 nefas;
522 2908 661 2950 verbis
691 2912 739 2950 in
765 2915 960 2963 nepotum
974 2908 1199 2961 perniciem
1226 2906 1438 2948 variamur
1465 2905 1590 2949 haec:
1620 2915 1659 2950 te
1676 2912 1874 2952 caducum
1896 2914 1943 2952 in
1970 2913 2133 2955 domini
2152 2918 2276 2966 caput
2301 2911 2563 2952 immerentis.

458 3019 615 3062 Verum
645 3032 733 3061 non
761 3019 889 3074 magis
918 3016 1017 3060 mihi
1044 3016 1208 3058 Horatii
1242 3029 1335 3058 esse
1365 3015 1559 3059 videntur
1592 3019 1791 3076 strophae
1818 3028 1967 3078 quarta
2003 3030 2042 3065 et
2072 3024 2223 3078 quinta.
2287 3018 2454 3075 Quibus
2490 3018 2664 3062 sublatis

284 3110 409 3156 quam
438 3102 533 3153 apta
563 3095 612 3140 fit
641 3098 798 3147 oratio,
834 3108 956 3151 quam
987 3093 1282 3136 convenienter
1308 3095 1452 3136 mortis
1489 3098 1680 3151 proxime
1704 3099 1949 3141 imminentis
1982 3098 2207 3155 periculum
2236 3098 2371 3140 statim
2397 3094 2667 3151 subsequitur

274 3174 366 3217 orci
393 3174 612 3229 cogitatio!
666 3173 774 3217 Nam
810 3185 903 3215 cum
940 3178 1139 3230 tanquam
1180 3171 1223 3212 in
1252 3182 1299 3212 re
1334 3173 1542 3225 praesenti
1580 3172 1663 3216 boc
1699 3188 1864 3217 carmen
1898 3175 2097 3219 Horatius
2136 3175 2244 3218 dicat
2277 3181 2347 3216 aut
2385 3180 2499 3215 certe
2523 3171 2666 3217 dicere

272 3249 407 3295 videri
432 3249 554 3302 velit,
592 3251 665 3307 qui
693 3250 737 3292 in
761 3250 864 3306 ipso·
885 3243 1048 3295 stimmo
1078 3254 1242 3291 terrore
1270 3259 1363 3304 quo
1391 3260 1525 3304 paene
1552 3251 1634 3293 iam
1661 3254 1818 3308 perisse
1845 3252 1923 3296 sibi
1958 3253 2134 3296 videtur·
2158 3249 2419 3308 generalibus
2450 3252 2539 3293 istis
2570 3265 2665 3294 sen·

270 3328 411 3371 tentiis
436 3332 480 3372 et
505 3325 623 3370 locis·
643 3323 938 3378 communibus·
962 3326 1042 3382 -qui
1071 3338 1096 3368 a
1121 3339 1161 3366 v.
1191 3324 1256 3367 13.
1282 3322 1336 3367 ad
1362 3339 1401 3366 v.
1440 3325 1506 3369 20.
1535 3326 1729 3385 leguntur
1762 3328 1883 3372 locus
1912 3344 2003 3373 esse
2033 3330 2223 3387 poterat?
2276 3326 2447 3385 Quibus
2469 3335 2664 3386 tanquan

270 3402 419 3460 frigida
463 3417 571 3461 aqua
600 3401 868 3460 perfunditur
905 3408 1051 3445 sensus
1079 3401 1440 3445 vehementissimo
1475 3401 1550 3446 illo
1588 3404 1741 3448 affectu
1776 3405 1975 3463 abreptus
2010 3414 2051 3451 et
2084 3409 2292 3457 incensus.
2350 3404 2461 3462 Quis
2486 3404 2668 3462 denique
