2905 3773
1421 431 1467 479 V

256 572 359 631 quid
384 574 564 618 facerem
593 573 820 625 habebam,
849 586 943 628 cum
974 572 1130 614 initium
1162 571 1266 614 illud
1292 584 1392 615 sane
1425 572 1630 631 quaedam
1659 580 1706 616 ut
1732 574 1786 616 ad
1813 574 2097 616 Maecenatem
2120 579 2467 619 converterentur
2493 578 2641 629 postu-

253 650 533 695 laret.1am
541 664 644 693 vero
672 649 752 693 alia
778 663 845 692 res
871 660 938 692 me
965 648 1192 692 movebat..
1247 648 1452 693 Videbam
1486 652 1592 694 enim
1626 651 1739 708 apud
1763 650 1972 695 Orellium
2010 657 2053 693 et
2088 650 2172 693 hoc
2206 663 2374 699 carmen
2401 657 2443 693 et
2469 648 2639 708 reliqua

258 743 387 788 quae
384 727 533 770 adhue
559 724 864 782 monostropha
891 724 1001 769 edita
1028 731 1170 767 essent
1204 724 1418 767 Meinekio
1456 732 1628 769 auctore
1664 729 1707 769 in
1737 726 1933 784 strophas
1961 734 2256 783 quaternorum
2288 741 2483 770 versuum
2510 727 2643 768 divisa

254 818 347 847 esse
373 803 567 859 idemque
593 804 673 845 iam
701 809 795 844 ante
822 801 1069 855 Meinekium
1096 801 1251 844 factum
1278 802 1541 844 memineram
1566 817 1590 844 a
1614 803 1895 846 Lachmanno
1906 805 1949 845 in
1970 801 2130 846 Catulli
2153 804 2333 845 carmine
2361 802 2641 860 Asclepiadeo

257 881 377 934 (311).
450 879 583 935 Quod
618 894 701 936 qua
743 880 941 923 niteretur
981 879 1226 921 auctoritate
1270 877 1510 934 ignorabam
1544 886 1671 936 atque
1707 885 1828 924 etiam
1866 894 1979 923 nunc
2015 881 2187 936 ignoro,
2229 877 2325 921 licet
2359 887 2504 936 postea
2531 880 2639 922 Her-

261 970 455 1001 mannum
483 958 544 999 sic
570 957 753 999 iudicare
778 956 969 1008 viderim,
1004 957 1106 998 scite
1130 954 1378 997 observasse
1414 956 1463 997 A.
1491 955 1743 1000 Meinekium
1759 989 1771 1008 ,
1806 959 1944 1000 omnia
1970 957 2135 999 Horatii
2169 957 2354 1015 carmina
2379 970 2433 998 ex
2457 957 2638 1014 strophia

257 1041 456 1092 quattuor
488 1049 682 1077 versuum
719 1048 812 1076 esse
851 1035 1093 1090 composita.
1156 1033 1239 1075 lam
1277 1031 1331 1074 de
1358 1046 1407 1074 ea
1435 1046 1482 1074 re
1510 1035 1697 1090 cogitans
1725 1042 1825 1077 tunc
1852 1037 1914 1077 sic
1940 1035 2211 1076 ratiocinatus
2232 1047 2351 1082 sum:
2379 1048 2473 1075 cum
2500 1047 2639 1092 neque

260 1115 522 1157 Graecorum
551 1111 763 1166 exemplis,
802 1126 908 1167 quae
943 1109 1056 1151 nulla
1085 1117 1289 1152 exstarent
1315 1112 1489 1163 integra,
1523 1110 1629 1153 haec
1654 1115 1762 1155 ratio
1798 1115 2022 1161 niteretur,
2059 1125 2159 1161 nec,
2205 1109 2321 1165 quod
2357 1110 2526 1166 quidem
2559 1125 2639 1167 ego

260 1193 422 1244 scirem,
449 1192 714 1234 metricorum
744 1188 1009 1237 auctoritate,
1035 1192 1172 1229 tamen
1199 1185 1349 1229 indicia
1375 1185 1579 1243 quaedam
1609 1201 1783 1231 necesse
1811 1202 1903 1231 esse
1931 1193 2105 1231 exstare.
2160 1186 2325 1230 Horum
2351 1193 2491 1230 autem
2519 1188 2642 1229 maxi—

262 1282 375 1312 mum
406 1266 564 1310 debere
601 1280 692 1308 esse
718 1265 1010 1307 sententiarum
1051 1271 1093 1305 et
1119 1265 1467 1318 interpunctionis
1484 1265 1702 1307 rationem.
1768 1265 1875 1307 Nam
1913 1278 2009 1307 cum
2045 1265 2165 1306 etiam
2200 1266 2416 1320 imparium
2443 1276 2641 1307 versuum

261 1345 478 1401 strophae,
519 1344 706 1398 quamvis
742 1343 830 1396 ipsa
867 1340 1000 1382 forma
1039 1339 1247 1381 clausulae
1288 1353 1425 1381 earum
1469 1339 1771 1391 indicarentur,
1823 1340 2072 1397 plerumque
2106 1347 2221 1382 certe
2256 1342 2478 1383 sententias
2527 1340 2641 1383 clau·

263 1422 430 1473 derent,
468 1420 601 1464 multo
630 1420 756 1475 magis
783 1418 867 1459 hoc
888 1417 1164 1459 necessatium
1193 1429 1283 1458 esse
1309 1416 1351 1458 in
1379 1416 1560 1473 strophis
1585 1431 1696 1475 quae
1719 1425 1791 1460 aut
1814 1432 1864 1460 ex
1891 1432 1978 1461 uno
2007 1424 2049 1460 et
2077 1404 2227 1460 eodem
2262 1432 2458 1461 versuum
2488 1432 2642 1475 genere

259 1507 331 1544 aut
358 1513 410 1542 ex
430 1494 726 1540 alternantibus
755 1501 892 1537 essent
919 1493 1196 1549 compositae:
1228 1493 1298 1549 qui
1325 1494 1430 1535 enim
1457 1493 1577 1536 aliter
1600 1493 1794 1550 strophas
1821 1507 1949 1549 posse
1977 1493 2194 1551 distingui?
2245 1496 2302 1538 At
2329 1509 2423 1538 cum
2452 1494 2510 1538 ad
2534 1496 2642 1539 hanc

261 1579 393 1635 legem
421 1577 506 1618 hoc
531 1576 705 1631 primum
730 1585 897 1614 carmen
926 1571 1218 1620 examinarem,
1245 1576 1292 1611 ut
1315 1584 1426 1613 nunc
1446 1570 1613 1626 quidem
1641 1584 1687 1612 se
1714 1570 1858 1622 habet,
1894 1570 2024 1614 semel
2049 1578 2208 1614 tantum
2236 1588 2274 1613 v.
2303 1573 2369 1616 28.
2396 1576 2642 1617 sententiam

258 1671 352 1699 cum
380 1652 577 1710 strophae
602 1652 689 1694 fine
715 1649 924 1693 terminari
950 1646 1055 1699 vidi,
1090 1653 1303 1703 praeterea
1330 1660 1368 1688 v.
1395 1647 1435 1690 8.
1463 1653 1575 1690 certe
1609 1648 1808 1690 minorem
1846 1661 1938 1691 esse
1973 1647 2298 1701 distinctionem,
2339 1664 2412 1693 sex
2444 1650 2641 1707 strophas

257 1734 404 1778 inscite
424 1734 466 1774 in
486 1729 631 1773 mediis
652 1728 868 1771 enuntiatis
889 1726 1107 1775 terminari,
1136 1724 1359 1766 sententias
1380 1724 1641 1780 stropharum
1654 1726 1815 1768 ratione
1840 1708 2030 1782 discerpi.
2083 1727 2141 1768 At
2161 1726 2354 1770 versibus
2377 1729 2415 1771 l.
2433 1729 2473 1770 2.
2487 1729 2553 1771 35.
2571 1729 2640 1772 36.

267 1813 429 1856 omissis
467 1809 604 1852 omnia
639 1805 831 1849 videbam
870 1810 965 1859 apte
1000 1801 1252 1859 procedere,
1293 1814 1437 1844 omnes
1474 1802 1667 1858 strophas
1702 1802 1825 1859 plena
1861 1805 2062 1846 sententia
2102 1803 2261 1855 claudi,
2304 1812 2472 1861 praeter
2505 1805 2640 1849 solam

259 1891 471 1946 septimam
501 1891 558 1940 (v.
587 1886 693 1938 30.),
735 1882 806 1925 uhi
841 1884 882 1924 in
916 1882 1112 1923 ¹oratione
1146 1881 1271 1935 magis
1298 1878 1432 1920 vivida
1468 1885 1510 1921 et
1550 1887 1757 1922 commota
1793 1887 1935 1936 posset
1970 1894 2061 1923 esse
2098 1883 2321 1926 excusatio.
2384 1881 2640 1940 Itaqueiam

261 1966 328 2008 vix
356 1961 618 2014 dubitabam,
646 1962 746 2019 quin
772 1957 970 2016 quattuor
997 1955 1053 1999 illi
1079 1969 1226 1998 versus
1255 1957 1311 2007 (l.
1339 1956 1376 1998 2
1392 1956 1458 1999 35,
1482 1956 1575 2012 36.)
1608 1963 1745 1999 essent
1773 1954 1952 1999 delendi.
2010 1957 2143 2014 Ipsam
2172 1965 2311 2001 autem
2341 1958 2638 2003 allocutionem

257 2056 384 2101 posse
413 2056 461 2084 ex
487 2040 537 2083 11.
569 2041 631 2084 17.
659 2037 875 2095 repetitam
905 2047 1008 2078 esse.
1063 2033 1391 2090 Peerlkampium
1418 2046 1520 2079 vero
1547 2047 1693 2077 versus
1718 2034 1756 2077 3.
1779 2035 1817 2076 4.
1839 2035 1940 2097 5·‚9‘
1966 2034 2029 2077 1⁰.
2050 2035 2116 2077 3⁰.
2144 2036 2212 2079 35.
2245 2038 2474 2080 eiicientem
2502 2039 2638 2080 minus

260 2119 437 2162 feliciter
463 2131 552 2159 rem
581 2117 757 2173 gessisse
785 2127 872 2156 non
899 2125 1151 2168 magnopere
1173 2110 1401 2153 mirandum
1426 2110 1523 2152 mihi
1549 2110 1791 2161 videbatur,
1829 2112 1985 2168 quippe
2009 2112 2082 2168 qui
2103 2111 2351 2168 strophicam
2374 2113 2486 2157 illam
2514 2118 2640 2159 ratio-

262 2211 356 2239 nem
384 2209 472 2238 non
498 2193 669 2236 haberet
698 2194 915 2248 cognitam.
977 2190 1090 2231 Ecce
1123 2202 1248 2239 vero,
1283 2194 1449 2244 praeter
1484 2189 1722 2243 opinionem
1758 2200 1807 2228 ex
1839 2187 2047 2230 Analectis
2081 2189 2259 2231 Horatio
2288 2190 2510 2235 Orelliano
2538 2194 2640 2237 sub-

261 2274 396 2325 iectis,
431 2274 475 2314 in
502 2284 609 2327 quae
636 2268 785 2312 librum
816 2266 1014 2313 evolvens
1041 2263 1283 2315 incideram,
1310 2277 1473 2305 summo
1502 2276 1597 2304 meo
1626 2262 1778 2319 gaudio
1804 2262 1986 2305 intellexi
2007 2263 2121 2306 God.
2142 2266 2385 2310 Hermanno
2412 2270 2455 2310 in
2475 2270 2643 2314 Disser-

259 2352 415 2393 tatione
443 2363 478 2391 a.
508 2348 626 2391 1842.
653 2345 707 2388 de
729 2346 864 2402 primo
892 2341 1054 2383 Horatii
1082 2340 1262 2380 carmine
1289 2337 1398 2380 edita
1425 2337 1596 2380 eosdem
1626 2352 1734 2395 quos
1762 2339 1861 2380 mihi
1886 2353 2032 2381 versus
2058 2339 2311 2383 recidendos
2337 2342 2485 2388 videri.

432 2427 567 2468 Forte
596 2422 745 2466 eodem
774 2420 841 2463 die
883 2430 969 2476 quo
998 2417 1100 2458 haec
1133 2414 1369 2457 acciderant
1402 2414 1454 2457 ad
1489 2429 1556 2456 me
1593 2417 1705 2457 venit
1734 2415 2018 2472 KiesslingiuS.
2084 2417 2168 2459 Cui
2197 2431 2293 2460 cum
2322 2433 2372 2461 ea
2409 2434 2642 2467 narrassem

270 2514 312 2550 et
346 2518 413 2548 me
448 2502 729 2546 Hermannum
765 2498 913 2542 litteris
944 2508 1091 2552 rogare
1123 2491 1252 2545 velle,
1290 2499 1336 2534 ut
1364 2492 1662 2534 dissertationis
1689 2491 1797 2533 illius
1835 2494 1997 2549 copiam
2025 2492 2123 2535 mihi
2151 2493 2330 2549 faceret,
2368 2512 2518 2556 magno
2545 2515 2642 2545 meo

261 2582 413 2641 gaudio
447 2595 493 2623 se
536 2578 608 2621 ille
647 2576 803 2619 habere
837 2586 925 2617 eam
962 2572 1060 2615 dixit
1087 2573 1303 2628 statimque
1339 2568 1392 2611 ad
1429 2582 1495 2611 me
1529 2570 1759 2611 missurum.
1823 2567 1957 2625 quue
1992 2568 2172 2634 benigne
2198 2571 2311 2616 fecit.
2380 2576 2491 2619 'rum
2519 2580 2643 2622 etiam

278 2671 391 2717 quae
427 2656 481 2699 de
516 2655 780 2712 stropharum
815 2653 974 2697 ratione
1011 2650 1330 2693 existimaveram
1370 2646 1595 2689 Hermanni
1626 2645 1827 2688 sententia
1864 2645 2045 2690 intellexi
2074 2649 2356 2706 comprobari.
2424 2652 2497 2697 Sic
2535 2658 2643 2700 enim

265 2735 336 2780 ille
366 2738 424 2791 (p.
454 2734 556 2785 10.):
604 2734 710 2776 »Hic
742 2743 836 2774 vero
870 2726 1066 2772 erimium
1099 2725 1214 2769 nobis
1245 2726 1451 2767 amttam
1472 2724 1574 2780 fert
1605 2723 1680 2764 illa
1714 2736 1835 2777 quam
1869 2724 1965 2766 dalei
1996 2726 2204 2768 Meinekii
2234 2728 2467 2774 observatio.
2536 2735 2644 2776 Nam

265 2813 406 2856 „cim
443 2815 482 2853 et
499 2811 655 2865 primis
681 2808 834 2851 duobus
869 2812 912 2848 et
934 2804 1086 2847 duobus
1109 2804 1328 2857 postremis
1359 2803 1556 2841 carminis
1589 2799 1768 2839 versibus
1802 2812 1888 2839 nou
1919 2801 2050 2842 solum
2086 2805 2272 2858 strophae
2288 2807 2418 2860 plena
2441 2812 2644 2851 sententia

261 2890 488 2938 conclusus,
516 2874 911 2939 πίῃ·Ῑη·ιιρο]ι“ησηι,ἶ
930 2895 1008 2935 quo
1023 2884 1106 2921 loco
1126 2881 1303 2919 alacrior
1319 2884 1361 2917 et
1378 2880 1619 2917 concitatior
1639 2890 1769 2916 sermo
1800 2877 1916 2915 illam
1942 2880 2271 2932 aequabilitatem
2292 2886 2451 2937 negligi
2463 2889 2643 2938 patitur,

264 2968 336 3007 sed
360 2968 484 3007 etiam
510 2969 640 3005 totum
662 2975 827 3003 carmen
846 2965 940 3012 apte
952 2958 1172 3010 pulcraque
1188 2954 1449 3006 compositum
1469 2951 1691 2995 habemur«
1725 2976 1779 2984 —
1836 2949 2036 2997 Ceterum
2061 2955 2299 3000 confirmari
2325 2958 2641 3014 quodammodo

262 3042 368 3084 haec
395 3038 606 3096 strophica
634 3038 741 3080 ratio
769 3035 934 3078 videtur
962 3032 1141 3076 carmine
1156 3027 1229 3073 illo
1251 3024 1482 3071 amoebaeo
1511 3026 1588 3084 (C.
1608 3026 1676 3071 111.
1699 3028 1758 3083 9.)
1787 3026 1859 3071 ubi
1880 3032 2073 3086 personis
2097 3029 2433 3090 colloquentibus
2452 3041 2644 3094 quaterni

259 3131 407 3163 versus
444 3116 576 3161 sexies
605 3119 703 3157 sunt
740 3110 895 3157 tributi.
925 3133 978 3144 —
1049 3108 1199 3151 Postea
1234 3111 1371 3148 cetera
1407 3106 1526 3148 etiam
1564 3106 1747 3148 carmina
1782 3119 1892 3164 quae
1927 3106 2011 3150 huc
2038 3110 2245 3166 pertinent
2276 3109 2330 3153 ad
2365 3111 2471 3155 hanc
2507 3112 2643 3172 legem

259 3196 494 3238 examinans
530 3197 641 3235 certe
680 3189 813 3232 multo
831 3187 1040 3245 --pluribus
1079 3184 1184 3227 locis
1221 3197 1310 3225 eam
1339 3181 1600 3225 observatam
1635 3182 1740 3235 vidi,
1778 3183 2004 3240 neglectam
2036 3193 2170 3227 autem
2197 3189 2368 3230 maxime
2402 3188 2477 3232 ubi
2510 3193 2644 3235 maior

259 3272 437 3316 affectus
465 3285 554 3313 eam
583 3268 730 3325 negligi
763 3253 986 3322 pateretur.
1051 3259 1286 3319 Spectanda
1322 3266 1458 3303 autem
1495 3259 1564 3303 hic
1599 3267 1698 3304 sunt
1736 3263 1913 3304 carmina
1949 3262 1980 3305 1.
2016 3264 2055 3307 3.
2090 3264 2128 3307 4.
2158 3264 2196 3308 7.
2224 3264 2264 3308 8.
2296 3267 2359 3309 11.
2388 3266 2455 3311 13.
2485 3267 2550 3312 18.
2578 3269 2643 3312 19.

257 3348 324 3393 98.
351 3346 434 3399 8.,
472 3346 522 3389 ll.
551 3346 629 3397 18„
657 3344 729 3388 111.
749 3344 790 3388 9.
815 3343 880 3386 15.
903 3341 967 3386 19.
990 3341 1056 3385 24.
1076 3339 1142 3384 25.
1167 3339 1235 3383 28.
1260 3337 1339 3388 30„
1364 3335 1438 3379 lv,
1467 3336 1505 3380 1.
1532 3335 1571 3380 3.
1600 3337 1638 3382 ⁷.
1663 3337 1705 3381 8.
1734 3337 1799 3381 10.
1867 3336 1931 3381 Ex
1957 3338 2108 3396 quibus
2136 3341 2350 3386 eximenda
2376 3351 2476 3388 sunt
2495 3343 2566 3390 111.
2587 3346 2643 3397 9.,

258 3423 483 3482 quodiam
514 3422 645 3466 modo
677 3416 1019 3468 commemoravi,
1047 3423 1088 3460 et
1113 3415 1184 3459 tv.
1212 3415 1250 3458 8.
1304 3412 1412 3456 Nam
1442 3426 1536 3456 cnm
1565 3413 1649 3457 hoc
1673 3414 1728 3457 34
1756 3427 1902 3457 versus
1930 3414 2097 3467 habeat,
2132 3418 2221 3461 sive
2248 3420 2420 3465 eiecerit
2446 3427 2644 3476 quattuor
