2905 3773
1382 428 1451 479 XI

236 569 521 613 Maecenatem
549 570 749 621 invitavit,
779 575 825 613 ut
852 567 908 613 ita
936 570 1212 615 excusandam
1240 577 1404 629 putaret
1431 576 1651 627 apparatus
1682 571 1747 613 sui
1781 572 2046 613 tenuitatem?
2075 571 2249 630 Nemo,
2284 571 2459 627 opinor,
2496 568 2607 612 affir-

236 646 385 698 mabit,
421 648 508 688 sive
536 660 631 688 cum
661 646 898 690 Kirclinero
934 661 1042 690 anno
1078 648 1191 699 733„
1219 650 1307 690 sive
1343 661 1437 690 cum
1465 648 1646 690 Frankio
1675 661 1710 690 a.
1750 648 1842 690 729.
1872 646 1956 688 hoc
1991 660 2156 689 carmen
2191 649 2461 705 assignaverit.
2515 647 2609 689 Nec

234 736 337 766 vero
359 725 448 779 ipse
474 721 546 765 ille
566 719 786 780 apparatus
808 733 931 780 quem
955 725 1153 768 Horatius
1177 724 1303 768 offert
1327 732 1409 768 tam
1434 727 1568 767 tenuis
1593 732 1666 776 est,
1687 737 1775 781 qno
1798 723 2022 766 Maecenas
2046 725 2231 780 quamvis
2255 723 2455 766 delicatus
2476 723 2607 766 homo

233 806 413 857 nequeat
439 800 592 856 paucas
619 814 696 858 per
723 801 848 845 horas
877 804 1151 859 acquiescere.
1210 801 1300 845 Cfr.
1336 795 1473 859 Epod.
1515 804 1555 845 9.
1585 801 1722 846 Carm.
1758 801 1828 844 111.
1862 802 1904 844 8.
1945 799 2063 859 quod
2101 799 2293 859 equidem
2319 800 2607 859 Peerlkampio

231 880 415 934 spurium
443 876 638 921 iudicanti
666 892 751 921 non
781 881 1007 931 assentior,
1047 894 1139 922 cum
1169 879 1223 922 de
1248 880 1280 923 1.
1307 880 1373 922 20.
1399 879 1521 921 facile
1549 879 1787 923 concedam.

1172 989 1251 1038 De
1299 990 1451 1039 Carm.
1491 990 1573 1039 IV.
1612 992 1655 1038 4.

407 1084 453 1125 In
493 1083 574 1125 hoc
609 1087 787 1127 carmine
822 1099 899 1142 ego
935 1100 1022 1127 non
1049 1086 1177 1129 modo
1214 1101 1262 1128 ea
1301 1102 1411 1145 quae
1441 1086 1748 1142 Peerlkampius
1789 1085 2017 1135 damnavit,
2052 1100 2118 1127 vv.
2145 1085 2185 1126 2.
2211 1085 2252 1126 3.
2278 1086 2317 1126 4.
2344 1085 2384 1127 6.
2414 1084 2603 1127 18-22.

232 1162 400 1216 (quibus
416 1185 468 1193 -
487 1162 659 1213 omnia),
686 1161 861 1205 41—48.
887 1162 1079 1205 73—76.
1116 1162 1360 1207 eliminanda
1389 1162 1585 1214 arbitror,
1623 1162 1699 1205 sed
1736 1171 1950 1218 praeterea
1985 1161 2110 1204 etiam
2132 1176 2199 1203 vv.
2222 1160 2398 1204 29—36.
2433 1160 2607 1204 65—68.

237 1235 323 1278 Sed
349 1234 561 1278 videamus
588 1236 745 1292 singula
815 1238 883 1280 De
912 1238 1061 1295 quibus
1090 1238 1163 1281 ubi
1193 1239 1518 1295 Peerlkampinm
1549 1252 1724 1295 sequor,
1768 1239 2077 1281 annotationem
2113 1236 2202 1278 eius
2229 1233 2342 1278 dabo
2369 1236 2413 1278 in
2438 1234 2607 1279 brevius

226 1319 499 1363 contractam,
527 1312 677 1368 quibus
707 1313 776 1355 ubi
810 1312 910 1369 quid
939 1316 1191 1357 monendum
1219 1316 1314 1357 mihi
1340 1318 1470 1357 visum
1498 1315 1638 1366 fuen‘t,
1678 1329 1769 1357 mea
1796 1317 1985 1358 inseram.

869 1399 1047 1454 Qualem
1076 1404 1302 1443 ministrum
1330 1402 1508 1444 fulminis
1535 1402 1683 1451 alitem,

865 1467 945 1511 Cui
968 1483 1043 1509 rex
1076 1470 1240 1510 deorum
1277 1483 1450 1522 regnum
1476 1471 1523 1509 in
1549 1482 1640 1510 aves
1666 1483 1791 1522 vagas

888 1540 889 1544 ’
931 1535 1131 1574 Permisit
1157 1539 1346 1588 expertus
1368 1535 1532 1588 fidelem

1017 1601 1210 1654 Iuppiter
1236 1602 1282 1641 in
1310 1602 1539 1654 Ganymede
1554 1602 1680 1656 flavo,

860 1675 973 1717 Olim
1002 1677 1191 1717 iuventas
1223 1682 1264 1718 et
1291 1678 1445 1732 patrius
1476 1679 1594 1732 vigor
1925 1677 1962 1717 5.

869 1743 977 1784 Nido
1002 1743 1184 1784 laborum
1202 1744 1392 1797 propulit
1417 1745 1590 1783 inscium

952 1808 1166 1865 Vernique
1194 1811 1272 1851 iam
1302 1808 1447 1850 nimbis
1476 1810 1641 1850 remotis

1013 1873 1209 1916 Insolitos
1238 1873 1426 1915 docuere
1453 1875 1567 1916 nisus

865 1949 987 1991 Venti
1014 1957 1231 2006 paventem
1261 1957 1354 1991 cett.

397 2037 462 2078 De
491 2036 555 2077 his
580 2035 886 2092 Peerlkampius
915 2039 970 2078 ita
1004 2036 1187 2080 disserit:
1231 2039 1441 2079 »Primam
1467 2052 1655 2080 versuum
1680 2035 2101 2091 interpolatorum&
2124 2038 2162 2079 3.
2186 2037 2224 2079 4.
2247 2036 2307 2087 6.)
2332 2039 2599 2089 suspicionem

221 2114 325 2153 milei
349 2114 541 2153 excitavit
570 2115 892 2166 comparationis
919 2115 1144 2167 longitudo.
1200 2116 1425 2155 Enarratio
1452 2120 1589 2155 autem
1605 2115 1785 2169 fabulae
1812 2122 1901 2157 tam
1923 2117 2112 2157 convenit
2135 2115 2301 2167 ingenio
2323 2115 2601 2167 grammatici,

220 2203 341 2242 quam
367 2191 503 2230 aliena
528 2196 586 2230 est
611 2204 637 2230 a
659 2204 705 2230 re
726 2192 950 2243 proposita.
1007 2192 1188 2244 Frigida
1209 2192 1472 2243 parenthesis
1503 2206 1556 2232 ne
1584 2194 1630 2232 in
1652 2193 1835 2244 pedestri
1859 2194 2022 2244 quidem
2058 2193 2239 2232 oratione
2270 2192 2442 2232 tolerari
2457 2195 2602 2242 posset.

221 2267 359 2319 Neque
392 2267 466 2308 illa
497 2268 596 2309 satis
630 2272 736 2308 recte
762 2268 1013 2321 procedunt:
1059 2268 1208 2309 »sicuti
1238 2269 1399 2308 iuvenis
1435 2270 1575 2321 aquila
1610 2270 1683 2310 cui
1706 2270 1896 2322 Iuppiter
1921 2281 2095 2321 regnum
2131 2270 2178 2309 in
2212 2281 2303 2309 aves
2329 2267 2468 2314 dedit,
2501 2269 2602 2319 quia

210 2345 375 2396 fidelem
403 2349 592 2397 expertus
620 2349 679 2385 est
703 2346 749 2384 in
786 2345 1047 2398 Ganymede«
1105 2345 1213 2385 Nam
1240 2344 1306 2386 hie
1340 2357 1471 2396 neque
1497 2327 1679 2398 intelligi
1695 2350 1833 2398 potest
1865 2346 2001 2387 eadem
2027 2345 2188 2398 aquila,
2224 2345 2296 2386 sed
2324 2357 2458 2398 genus
2483 2345 2602 2396 aqui-

221 2423 378 2466 larum.-
405 2427 446 2462 et
472 2435 574 2474 quae
604 2423 871 2474 Ganymedem
898 2424 1058 2475 rapuit,
1085 2435 1168 2462 non
1191 2423 1346 2474 primos
1364 2423 1478 2461 nisus
1504 2422 1704 2472 tentabat,
1730 2423 1802 2477 sest
1825 2423 1908 2462 iam
1933 2427 2023 2462 erat
2044 2422 2217 2463 robusta.
2277 2422 2395 2469 Quod
2418 2423 2602 2477 sequitur

227 2500 276 2539 de
310 2500 446 2539 eadem
480 2501 622 2550 aquila
663 2513 758 2539 mox
793 2502 968 2552 impetus
1002 2501 1049 2538 in
1076 2500 1266 2539 dracones
1300 2499 1521 2539 meditante
1558 2500 1615 2548 (v.
1638 2498 1746 2549 11.),
1782 2499 1854 2538 hoc
1887 2499 2178 2551 difficultatem
2213 2513 2298 2539 non
2322 2500 2452 2552 plane
2484 2500 2602 2539 tollit.

227 2575 448 2617 Labores
469 2577 592 2627 aqui
603 2576 688 2616 lae
714 2576 923 2624 Horatius,
951 2577 1079 2625 credo,
1106 2588 1190 2616 non
1215 2563 1392 2616 dixisset.
1449 2576 1605 2616 Factus
1630 2575 1792 2616 videtur
1819 2575 1886 2617 hic
1911 2588 2049 2615 versus
2076 2591 2127 2617 ez·
2154 2577 2360 2629 sequenti,
2386 2576 2601 2617 docuere

226 2653 371 2692 nisus
399 2652 678 2693 insolitos«
740 2650 946 2692 Persuasit
974 2649 1071 2692 mihi
1097 2650 1160 2691 vir
1187 2650 1485 2705 sagacissimus,
1512 2650 1589 2691 nisi
1609 2649 1724 2707 qnod
1749 2665 1789 2692 V.
1817 2651 1869 2701 6.,
1894 2651 1929 2692 si
1955 2663 2033 2707 per
2060 2664 2106 2692 se
2133 2654 2224 2708 ipse
2250 2657 2475 2708 spectetur,
2502 2650 2599 2693 mihi

225 2739 309 2767 non
352 2725 515 2766 videtur
561 2726 867 2781 vituperandus.
947 2726 1053 2766 Nam
1099 2724 1242 2779 quidni
1285 2727 1429 2766 intenti
1463 2724 1625 2766 volatus
1662 2726 1850 2767 dicantur
1899 2726 2149 2769 labores?
2225 2728 2282 2769 At
2321 2735 2459 2769 tamen
2498 2727 2597 2768 ferri

193 2786 200 2795 ¹
226 2804 367 2859 nequit
395 2809 568 2858 propter
595 2803 809 2844 molestam
840 2801 1021 2844 eiusdem
1051 2803 1111 2843 rei
1147 2803 1456 2856 repetitionem;
1496 2814 1589 2842 nam
1619 2804 1737 2843 cuius
1772 2804 1891 2844 nisus
1919 2803 2116 2845 dicuntur
2150 2804 2320 2855 insoliti,
2343 2806 2378 2845 is
2406 2803 2596 2846 laborum

223 2886 285 2921 est
312 2879 475 2921 inscius.
542 2877 627 2920 Sed
663 2885 830 2934 praeter
858 2891 906 2920 ea
941 2892 1047 2934 quae
1087 2876 1391 2933 Peerlkampius
1421 2879 1578 2919 notavit
1615 2892 1768 2921 vereor
1803 2895 1856 2923 ne
1890 2879 2020 2923 verba
2043 2882 2341 2935 fidelem—in
2369 2881 2597 2935 Ganymede

211 2958 328 3012 flavo
355 2969 440 2997 non
468 2962 582 2997 recte
611 2954 800 2997 habeant.
852 2954 1041 2998 Minister
1067 2952 1205 2995 fidelis
1233 2959 1295 2995 est
1324 2959 1395 2995 aut
1423 2955 1465 2994 in
1493 2952 1685 3006 domino,
1723 2963 1793 2998 aut
1820 2958 1860 2998 in
1890 2969 2043 3013 opera,
2081 2958 2233 2999 amicus
2267 2958 2309 2999 in
2337 2958 2488 3007 amico,
2523 2963 2594 2998 aut

221 3033 264 3072 in
291 3032 463 3072 amicitia
492 3038 560 3090 ant
597 3024 638 3073 iti
667 3031 813 3073 officio
843 3022 993 3088 aliquo.
1063 3030 1147 3072 Iam
1175 3029 1312 3087 aquila
1345 3029 1482 3072 fidelis
1511 3044 1604 3074 esse
1632 3040 1795 3089 poterat
1821 3035 1864 3075 in
1891 3032 1994 3076 Iove
2021 3040 2091 3075 aut
2114 3035 2156 3074 in
2181 3046 2311 3089 opera
2338 3032 2594 3090 praestanda,

220 3122 258 3150 v.
282 3121 317 3149 c.
345 3109 387 3149 in
415 3106 677 3164 rapiendo
717 3107 1042 3164 Ganymede,
1077 3106 1145 3149 vel
1173 3107 1341 3150 omnino
1371 3105 1415 3148 ἐν
1443 3109 1529 3153 τοῖς
1561 3109 1657 3167 περὶ
1684 3107 1943 3170 Γανυμήδην,
1970 3117 2017 3163 ut
2044 3109 2123 3153 dici
2157 3117 2301 3166 posset
2326 3116 2514 3164 erpa-tus
2539 3133 2593 3142 —

210 3185 378 3237 fidelem
403 3187 453 3225 iu
478 3186 708 3239 Ganymede
732 3190 850 3238 rapto
878 3186 903 3226 i.
934 3198 969 3225 e.
998 3186 1039 3226 in
1071 3182 1329 3241 Ganymedis
1357 3190 1491 3240 raptu.
1549 3184 1785 3241 Quomodo
1820 3200 1924 3229 vero
1961 3186 2029 3229 illa
2055 3184 2188 3228 fidelis
2223 3200 2316 3228 esse
2342 3188 2526 3242 potuerit
2551 3188 2594 3229 in

220 3261 312 3315 ipso
329 3259 587 3317 Ganymede,
612 3263 653 3303 in
673 3258 850 3317 persona
867 3262 968 3312 eius,
996 3259 1186 3317 equidem
1201 3273 1267 3302 me
1280 3259 1415 3302 fateor
1436 3273 1523 3302 non
1547 3261 1784 3318 intelligere,
1815 3265 1893 3306 nisi
1916 3263 2027 3306 forte
2048 3261 2213 3310 fidelem
2235 3275 2289 3303 eo
2315 3275 2363 3303 se
2380 3264 2593 3318 praestitit,

222 3334 338 3391 qnod
366 3345 541 3393 puerum
572 3337 683 3380 illum
714 3351 798 3381 non
826 3336 895 3382 aut
918 3336 1000 3381 alio
1029 3339 1160 3380 avexit
1184 3343 1254 3379 aut
1280 3335 1520 3380 dilaceravit
1547 3344 1590 3380 et
1619 3338 1855 3392 devoravit,
1884 3340 1959 3383 sed
1981 3339 2226 3383 incolumem
2255 3338 2307 3381 ad
2329 3337 2472 3382 lovem
2498 3354 2595 3398 per-

220 3411 323 3453 tulit.
352 3428 355 3430 *
380 3412 515 3469 Quod
544 3416 730 3473 quamvis
758 3409 939 3472 ineptum
970 3422 1099 3464 esset,
1128 3421 1262 3457 tamen
1291 3428 1346 3457 ne
1372 3416 1431 3456 sic
1458 3413 1626 3471 quidem
1656 3418 1791 3459 oratio
1818 3417 1903 3459 vitii
1940 3416 2049 3459 foret
2083 3428 2241 3474 expers.
2305 3418 2411 3461 Nam
2448 3418 2483 3460 si
2514 3431 2593 3474 pro
