2905 3773
1387 427 1459 477 IX

1178 568 1261 618 De
1294 570 1446 620 Garm.
1485 570 1567 620 111.
1604 571 1682 620 29.

414 653 656 708 Priusquam
684 652 750 694 hic
777 651 830 695 ad
858 655 1084 698 institutum
1112 671 1248 699 meum
1275 671 1442 714 pergam
1471 666 1517 701 ut
1533 659 1756 702 >Horatium
1778 659 1925 715 pannis
1946 660 2092 700 assutis
2117 658 2308 711 liberem,
2336 662 2599 716 ‘mterpretem

238 742 352 786 agam
378 745 418 771 v.
444 730 482 770 6.
562 729 730 786 Legitur
756 731 883 773 enim:

1234 803 1364 854 Eripe
1386 807 1426 841 te
1450 815 1598 855 morae,
1872 803 1911 844 5.

974 865 1037 906 Ne
1062 879 1216 920 semper
1240 867 1370 908 udum
1402 866 1530 909 Tibur
1557 873 1598 909 et
1624 867 1797 911 Aesulae

1059 932 1219 973 Deelive
1243 933 1521 985 contempleris
1554 946 1699 975 mum
1729 939 1770 974 et

1130 999 1325 1052 Telegoni
1352 1001 1455 1053 iuga
1477 1001 1725 1053 parricidae.

410 1069 510 1112 Post
536 1086 671 1114 morae
697 1087 733 1113 v.
753 1072 790 1114 5.
810 1072 851 1113 iu
871 1071 936 1115 ed.
956 1071 1050 1114 Bas.
1075 1074 1192 1117 1545.
1217 1074 1360 1119 Lamb.
1384 1076 1502 1118 1605.
1529 1090 1579 1118 ac
1595 1077 1682 1118 sine
1700 1074 1831 1117 dubio
1855 1077 1895 1117 in
1917 1073 2006 1117 aliis
2023 1071 2337 1129 antiquioribus,
2365 1078 2406 1114 et
2422 1079 2468 1114 ut
2491 1085 2598 1113 nunc

231 1145 363 1216 ipsum
382 1145 518 1200 video,
546 1147 655 1206 apud
683 1148 935 1193 Meinekium
964 1158 1165 1194 commate
1192 1150 1471 1209 distinguitur,
1509 1155 1551 1196 in
1579 1154 1627 1196 iis
1656 1154 1935 1196 recentiorum
1958 1164 2062 1209 quas
2087 1163 2165 1206 ego
2190 1147 2244 1192 ad
2264 1163 2427 1192 manum
2451 1147 2599 1200 habeo,

231 1230 302 1264 aut
329 1224 427 1266 colo
455 1234 524 1268 aut
552 1225 766 1268 semicolo.
824 1226 1047 1269 Lambinus
1079 1230 1154 1270 etsi
1191 1228 1328 1272 locum
1364 1244 1449 1272 non
1485 1230 1718 1287 explicavit,
1760 1229 1926 1271 videtur
1956 1235 2092 1270 tamen
2120 1233 2166 1268 ut
2201 1227 2268 1268 alii
2293 1243 2346 1268 ne
2374 1241 2452 1283 pro
2480 1225 2596 1268 finali

228 1301 427 1355 particula
455 1303 664 1350 babuisse:
702 1317 809 1359 quae
838 1304 943 1349 ratio
972 1317 1059 1346 non
1084 1305 1311 1348 minoribns
1337 1305 1500 1348 laborat
1528 1305 1801 1349 incommodis
1836 1319 1959 1360 quam
1997 1317 2143 1346 eorum
2180 1304 2251 1359 qui
2277 1301 2444 1345 vetandi
2473 1305 2599 1359 parti·

229 1375 363 1419 culam
400 1392 491 1421 esse
526 1386 684 1435 putant.
746 1380 944 1437 Utroque
981 1382 1088 1423 enim
1123 1381 1252 1424 modo
1295 1383 1641 1439 contemplari
1682 1383 1918 1425 necessario
1959 1380 2206 1436 significaret
2240 1393 2265 1422 e
2309 1378 2597 1435 longinquo

229 1456 485 1509 aspicere.
557 1453 689 1509 Quod
723 1454 816 1496 fieri
851 1469 938 1517 non
977 1470 1102 1512 posse
1143 1459 1368 1514 intelligens
1407 1458 1739 1514 Peerlkampius:
1791 1459 2134 1510 »contemplamur
2169 1456 2331 1509 olt'quid
2353 1461 2597 1508 Prudente&

226 1533 291 1571 vel
319 1545 403 1572 non
435 1533 599 1584 longius
632 1534 797 1582 remoti,
833 1535 896 1574 ita
930 1540 979 1574 ut
1011 1537 1195 1588 singulas
1227 1551 1291 1578 res
1327 1539 1418 1578 visu
1453 1550 1667 1589 agnoscere
1701 1542 1742 1577 et
1768 1534 1895 1588 probe
1927 1535 2182 1586 distinguere
2210 1533 2423 1585 possimus.
2489 1533 2601 1578 Quid

225 1608 385 1650 multa?
433 1610 632 1650 Horatius
665 1610 857 1662 scripsit.-
905 1612 1066 1664 Eripe
1105 1617 1153 1654 te
1193 1627 1387 1665 morae,
1435 1615 1500 1655 Ut
1525 1637 1577 1645 —
1613 1612 1983 1664 contempleris.
2046 1611 2176 1662 Eripe
2201 1614 2241 1651 te
2266 1622 2421 1659 morae,
2458 1608 2597 1650 urbem

224 1684 427 1737 relinque,
466 1690 506 1726 et
541 1686 811 1738 contemplare
851 1687 1072 1739 aliquando
1111 1689 1252 1733 Tibur.
1291 1714 1342 1723 —
1397 1691 1560 1744 Iunge.-
1592 1693 1642 1730 ut
1681 1688 1958 1741 contempleris
2000 1685 2130 1728 Tibur
2161 1697 2360 1738 semper
2405 1685 2591 1726 udum.-

224 1759 336 1801 Vere
367 1767 408 1803 et
436 1763 478 1803 in
507 1761 609 1812 hoc,
637 1768 681 1803 ut
706 1776 861 1816 semper
887 1765 1015 1805 udum
1043 1766 1248 1820 iungeret,
1275 1765 1560 1808 Marklandum
1590 1772 1661 1807 aut
1688 1767 1826 1821 potius
1854 1761 2120 1817 Hardingium
2148 1758 2315 1803 secutus
2345 1769 2407 1804 est
2435 1769 2476 1803 et
2502 1775 2592 1804 seu-

227 1838 393 1878 tentiam
422 1838 714 1880 emendatione
749 1854 824 1881 sua
858 1848 1012 1883 rectam
1055 1840 1181 1883 dedit.
1238 1843 1535 1885 Verumtamen
1572 1856 1656 1885 non
1693 1849 1756 1883 est
1783 1840 2000 1891 credibile,
2042 1847 2128 1882 tum
2156 1845 2335 1893 apertam
2365 1846 2406 1881 et
2434 1838 2594 1881 facilem

222 1915 465 1957 sententiam
494 1929 516 1957 a
544 1915 718 1958 librariis
745 1923 795 1958 ut
827 1918 869 1959 in
898 1931 951 1960 ne
985 1925 1144 1962 mutato
1175 1934 1268 1963 csse
1293 1920 1553 1963 obscuratam
1587 1927 1630 1963 et
1660 1924 1910 1975 corruptam.
1972 1916 2058 1959 Sed
2093 1923 2204 1958 recte
2237 1929 2282 1958 se
2309 1914 2434 1957 habet
2464 1914 2594 1957 libro-

222 2002 312 2031 rum
334 1991 537 2047 scriptura
565 2000 767 2035 commate
790 2000 887 2049 post
906 2009 1048 2038 :morae
1069 1998 1221 2053 posito,
1251 1997 1379 2040 modo
1401 2013 1454 2040 ne
1480 1997 1599 2040 aliter
1619 1997 1854 2053 accipiatur.
1908 1994 1983 2036 Est
2002 1999 2137 2036 autem
2159 1992 2225 2034 hic
2249 1991 2356 2035 idem
2378 2005 2477 2034 usus
2499 2005 2592 2048 par·

221 2065 370 2108 ticulae
397 2081 446 2109 ac
481 2076 577 2125 post
603 2071 730 2112 verba
757 2071 878 2126 probi
889 2071 1037 2126 bendi,
1074 2082 1120 2116 ut
1147 2077 1339 2132 proxime
1367 2090 1460 2117 cum
1488 2089 1625 2117 morae
1650 2073 1779 2115 verba
1805 2087 1857 2113 ne
1884 2097 1937 2104 —
1962 2070 2239 2132 contempleris
2262 2067 2463 2124 iungenda
2491 2070 2592 2110 sint:

220 2143 332 2199 eripe
358 2151 397 2186 te
423 2147 605 2190 omnibus
629 2147 746 2190 rebus
772 2162 874 2201 quae
905 2155 946 2191 te
979 2157 1205 2203 morantur,
1233 2154 1325 2195 tolle
1350 2153 1552 2208 quidquid
1575 2153 1623 2193 in
1648 2165 1763 2192 mora
1789 2149 1867 2191 tibi
1891 2154 1962 2199 est,
1988 2163 2041 2189 ne
2068 2170 2120 2179 —
2149 2147 2450 2200 contempleris,
2480 2148 2596 2187 Omni

221 2235 336 2264 mora
361 2229 487 2278 rupta
513 2231 554 2266 et
577 2224 733 2267 sublata
759 2239 880 2279 quam
902 2221 1087 2282 primum
1107 2230 1377 2285 contemplare
1408 2230 1539 2271 Tibur
1566 2242 1721 2282 semper
1746 2228 1880 2269 udum.

396 2300 490 2342 Iam’
508 2304 541 2344 si
571 2301 649 2344 illis
677 2316 783 2358 quae
808 2286 932 2358 supra
958 2305 1172 2359 posuimus
1204 2305 1365 2348 Horatii
1382 2304 1529 2347 verbis
1558 2307 1693 2346 statim
1719 2304 1822 2345 haec
1849 2301 2172 2344 subiicerentur:

925 2382 1014 2422 Iam
1039 2381 1174 2423 clarus
1205 2383 1406 2424 occultum
1432 2381 1713 2425 Andromedae
1735 2387 1857 2435 pater

930 2447 1115 2488 Ostendit
1138 2449 1298 2501 ignem,
1333 2449 1417 2489 tiam
1447 2449 1633 2502 Pmcyon
1646 2447 1775 2501 furit

1011 2515 1066 2554 Et
1092 2514 1206 2555 steno
1230 2515 1372 2555 vesani
1395 2515 1548 2555 Leonis

1096 2580 1190 2622 Sole
1214 2580 1299 2622 dies
1323 2580 1530 2634 referente
1552 2581 1694 2627 sucos,-
1946 2576 2012 2618 20.
2054 2583 2057 2585 “

921 2659 1010 2698 Iam
1022 2663 1166 2711 pastor
1185 2656 1349 2699 umbras
1370 2671 1462 2699 eum
1485 2671 1612 2711 grege
1637 2656 1834 2710 languido
1862 2661 1956 2697 cett.

218 2734 443 2775 sententiae
467 2741 555 2776 arte
578 2741 619 2776 et
646 2742 741 2789 apte
761 2741 1060 2777 essentnexae.
1118 2736 1443 2787 Quamprimum
1469 2730 1568 2775 urbe
1592 2735 1736 2776 relicta
1760 2748 1834 2775 rus
1858 2735 1979 2781 vmi5
2022 2734 2110 2774 iam
2144 2734 2255 2775 enim
2290 2733 2403 2774 adest
2436 2739 2593 2786 tempus
2666 2762 2669 2763 ν

217 2809 468 2857 rusticandi,
510 2824 602 2853 cum
633 2813 899 2864 gravissimus
931 2812 989 2852 sit
1023 2815 1222 2852 aestuosa
1253 2812 1431 2852 matthie
1464 2811 1729 2853 iismolestus
1765 2812 1839 2864 qui
1871 2808 2236 2865 inurbedegvmt.
2299 2809 2423 2854 Nunc
2457 2814 2589 2851 autem

218 2887 320 2929 haec
343 2888 497 2930 inserta
524 2886 716 2943 leguntur

921 2954 1190 2997 Fastidiosam
1215 2954 1350 2995 desere
1372 2955 1533 3007 oopicsm
1557 2959 1599 2995 et

924 3019 1076 3062 Molem
1095 3020 1370 3074 propinquam
1397 3017 1569 3059 nubibus
1595 3019 1756 3067 arduis3
1946 3018 2010 3061 10.

1012 3085 1164 3125 Omitte
1187 3085 1340 3124 mirari
1364 3083 1501 3125 beatae

1093 3149 1274 3190 Fumum
1302 3153 1343 3189 et
1366 3161 1459 3201 opes
1483 3150 1778 3202 strepitumque
1803 3151 1969 3193 Romae.

907 3224 1148 3280 'Plerumque
1169 3230 1323 3279 gratae
1354 3224 1547 3267 divitibus
1573 3227 1697 3274 vt’ces,

921 3292 1181 3345 Mundaeque
1199 3303 1331 3345 parvo
1356 3289 1429 3331 sub
1455 3291 1543 3332 lare
1560 3304 1795 3346 pauperum

1005 3358 1157 3402 Comae
1181 3359 1270 3399 sine
1290 3357 1449 3399 aulaeis
1474 3363 1516 3399 et
1539 3363 1648 3400 ostro
1939 3359 2005 3403 15.

1093 3422 1319 3466 Sauum
1342 3424 1573 3478 “pheno-e
1585 3424 1792 3477 frontem.
1963 3483 1965 3485 Υ
