2674 3699
1210 434 1248 437 ,Π
1275 434 1280 437 .
1305 362 1375 412 VI
1448 434 1470 436 ,.

150 503 247 550 illos
282 518 427 550 versos
470 518 580 563 quos
619 520 699 565 ego
738 505 1009 552 eliminandos
1046 520 1204 551 censeo
1239 507 1439 561 (15-20:
1474 522 1560 551 non
1583 510 1726 551 celeres
1750 507 1895 562 fugae
1922 531 1975 542 —
2002 509 2187 551 lunam
2223 508 2404 560 rediit„
2448 510 2538 551 sive

150 585 386 634 retinueris,
417 583 632 641 strophica
659 587 767 628 ratio
796 584 983 643 neglecta
1008 584 1252 628 invenietur.
1330 586 1472 641 ltaque
1497 581 1732 628 Meiuekius
1766 590 1865 640 post
1900 598 1937 627 v.
1968 584 2033 628 17.
2069 598 2194 642 quem
2222 598 2318 629 cum
2343 583 2537 629 Bentleio

149 658 312 701 damnat
340 657 523 703 duorum
550 675 747 715 versuum
781 662 969 705 lacunam
1005 660 1241 717 significans
1267 668 1353 704 tres
1381 661 1545 704 Horatii
1576 674 1722 703 versus
1757 661 1929 717 periisse
1964 662 2135 706 censuit.
2199 661 2248 705 ln
2274 660 2353 705 bac
2375 661 2537 706 ratione

148 736 269 793 plena
294 740 498 781 sententia
526 740 723 796 strophae
743 739 890 787 altera,
926 740 1062 788 tertia,
1091 745 1258 796 quarta,
1288 745 1438 780 octava
1466 737 1800 786 concluduntur3
1834 739 1985 794 prima,
2013 740 2169 795 quinta,
2196 745 2330 790 sexta,
2364 738 2537 795 septima

148 827 196 855 ex
223 816 500 858 concitatiore
535 829 727 859 sermone
761 814 919 858 facilem
957 812 1112 857 babent
1150 816 1470 857 excusationem.
1541 814 1724 857 Eaedem
1759 813 2021 870 stropharum
2059 815 2368 858 terminationes
2402 820 2536 866 erunt,

147 892 181 932 si
208 892 352 933 eiectis
387 899 588 948 quattuor
613 892 691 934 illis
720 905 830 949 quos
866 905 944 947 ego
980 890 1169 933 damnavi
1200 891 1390 933 versibus
1429 891 1517 933 duo
1552 892 1717 934 Horatii
1752 890 1951 932 excidisse
1984 893 2270 944 statuerimus,
2305 893 2383 935 nisi
2417 889 2536 949 quod

146 974 234 1011 tum
266 982 357 1011 non
396 983 564 1020 novem,
607 968 683 1012 sed
718 975 817 1011 octo
852 967 1117 1024 stropharum
1156 970 1234 1011 erit
1271 974 1449 1010 carmen.
1522 969 1596 1010 Sin
1637 969 1744 1010 hanc
1777 969 1977 1009 rationem
2013 968 2227 1018 reieceris‚
2270 968 2534 1011 statuendum

147 1045 247 1094 erit,
283 1053 450 1101 praeter
472 1045 566 1087 illos
595 1052 794 1102 quattuor
821 1044 909 1087 duo
937 1059 1082 1087 versus
1106 1059 1198 1086 esse
1222 1043 1492 1095 recidendos,
1529 1046 1600 1100 qui
1628 1058 1715 1087 uon
1742 1051 1918 1101 possunt
1946 1058 2038 1086 esse
2065 1045 2135 1087 alii
2162 1059 2286 1104 quam
2315 1059 2382 1087 vv-
2410 1046 2448 1088 7.
2474 1046 2534 1088 8.;

147 1122 232 1164 Hic
264 1137 382 1173 saxo,
418 1122 588 1176 liquidis
613 1125 682 1165 ille
720 1123 916 1165 coloribus
940 1125 1088 1165 Sollers
1110 1137 1224 1164 nuno
1257 1123 1461 1163 hominem
1480 1136 1660 1175 ponere,
1695 1137 1810 1163 nunc
1843 1124 1974 1163 deum.
2041 1122 2165 1176 Quae
2188 1120 2316 1162 verba
2348 1123 2533 1176 quamvis

147 1210 283 1253 perse
309 1200 389 1242 sint
406 1196 534 1251 bona,
562 1206 699 1243 tamen
717 1198 837 1242 facile
858 1205 1033 1255 possunt
1055 1197 1302 1249 desiderari,
1332 1211 1410 1241 nee
1436 1196 1676 1242 Censorino
1697 1199 1886 1254 ignotum
1908 1205 2006 1248 erat,
2036 1198 2293 1241 Parrhasium
2317 1200 2533 1254 pictorem,

146 1273 327 1330 Scopam
350 1278 591 1318 statuarium
618 1276 746 1318 fuisse
775 1277 991 1332 egregium.
1064 1273 1130 1316 Ad
1166 1274 1272 1316 hanc
1306 1275 1512 1316 rationem
1553 1288 1645 1316 cum
1673 1274 1954 1325 inclinassem,
1997 1288 2045 1316 ex
2074 1272 2224 1317 Orellii
2260 1275 2530 1318 annotatione

145 1348 339 1400 intellexi,
352 1349 655 1408 Kneightleium
671 1352 901 1394 Hibernum
919 1358 1095 1408 propter
1121 1350 1374 1406 stropbicam
1391 1352 1594 1392 rationem
1615 1349 1788 1393 eosdem
1803 1364 1948 1393 versus
1966 1349 2210 1393 subditicios
2229 1364 2322 1394 esse
2336 1356 2530 1395 statuere.

144 1423 373 1469 Fatendum
402 1436 539 1471 tamen
568 1437 648 1481 est,
684 1432 744 1470 sic
772 1428 876 1471 duas
898 1436 1055 1471 tautum
1085 1429 1301 1484 strophas,
1337 1427 1508 1469 alteram
1533 1428 1593 1483 (v.
1623 1429 1712 1483 10.)
1743 1435 1784 1470 et
1810 1436 1962 1471 sextam
1991 1432 2048 1480 (v.
2071 1429 2160 1480 30.)
2182 1428 2303 1483 plena
2326 1429 2531 1470 sententia

145 1503 369 1551 terminariz
397 1505 586 1562 primam,
615 1507 773 1549 tertiam
804 1507 864 1562 (v.
888 1506 998 1562 14),
1027 1512 1215 1562 quartam
1244 1510 1299 1556 (v.
1318 1505 1429 1559 22),
1458 1506 1641 1560 quintam
1670 1510 1727 1554 (v.
1756 1506 1844 1558 26.)
1871 1505 2006 1547 media
2032 1507 2074 1547 in
2103 1506 2382 1547 enuntiatione
2406 1507 2529 1547 exire.

145 1576 282 1632 Quam
317 1578 554 1624 liberiorem
581 1584 782 1639 rationem
817 1584 936 1626 etiam
973 1584 1015 1625 in
1049 1581 1138 1624 aliis
1168 1580 1419 1639 quibusdam
1451 1580 1700 1625 carminibus
1738 1580 1962 1626 adhibitam
2000 1580 2232 1625 videbimus
2311 1584 2530 1639 Apponam

142 1663 278 1697 antem
306 1659 487 1701 tabulam
515 1659 770 1715 reliquorum
801 1662 1046 1710 carminum,
1084 1673 1171 1717 quo
1200 1658 1360 1701 facilius
1388 1665 1476 1701 tota
1504 1659 1564 1701 rei
1594 1660 1700 1702 ratio
1731 1660 2024 1716 conspiciatur.

669 1737 855 1781 Carml.
909 1740 948 1779 3.
986 1738 1053 1778 lex
1076 1737 1146 1778 illa
1172 1737 1394 1777 observata
1418 1738 1443 1777 7
1480 1736 1605 1786 locis,
1633 1735 1818 1791 neglecta
1850 1736 1997 1778 2locia

743 2674 1112 2698 »»»»»

809 2394 858 2438 ἔ

876 2395 929 2438 ’ὃὸ

1385 3072 1437 3081 l
1386 2809 1438 3024 σοωωΙ
1394 2020 1447 2762 ωι-ιεουιι-ιωιοιοωι-,ΒΙ
1417 1803 1446 1974 towns

1816 3004 1870 3163 Ι’.εἷι-ιΙ
1819 2739 1873 2955 tan-wi
1825 2216 1879 2693 ωσοι-ιοσιιοΦΙ
1827 2084 1880 2168 sal
1830 1824 1882 2037 t-i-onl

347 3164 349 3167 ,
1159 3125 1324 3166 Summa
1379 3125 1432 3167 67
1521 3145 1540 3160 „

303 3203 366 3247 Ex
396 3207 677 3263 posteriorum
709 3202 903 3245 locorum
931 3214 1105 3243 numero
1136 3200 1293 3259 aliquot
1321 3209 1436 3244 certe
1472 3203 1673 3243 minimam
1711 3197 1866 3241 babent
1897 3199 2289 3254 interpunctionem.
2327 3196 2515 3257 plerique

127 3296 175 3324 ea
205 3296 327 3338 quam
358 3296 482 3338 supra
511 3281 630 3324 attuli
659 3280 926 3323 excusatione
954 3284 1147 3329 utuntur,
1187 3276 1497 3320 vehementiore
1529 3278 1732 3319 sermonis
1767 3277 2071 3324 commotione,
2107 3275 2304 3330 imprimis
2342 3274 2412 3320 ΙΙΙ.
2449 3277 2514 3319 25.

124 3366 164 3401 et
192 3360 258 3403 m.
286 3380 339 3392 —
398 3359 613 3401 Postremo
639 3356 846 3407 monebo,
880 3353 1036 3399 Catulli
1065 3368 1187 3397 carm.
1214 3354 1272 3397 3⁰
1308 3354 1404 3396 huic
1433 3355 1583 3396 rationi
1612 3360 1745 3396 totum
1776 3355 2017 3395 convenire.
