2905 3773
572 1138 670 1197 De
710 1138 927 1217 aliquot
965 1140 1194 1200 Horatii
1243 1142 1580 1201 carminibus
1619 1144 2023 1241 cpmmentatio
2070 1144 2292 1199 critica.

242 1380 372 1460 Cum
408 1418 598 1473 proximo
636 1424 864 1461 auctumno
902 1418 1062 1462 Horatii
1099 1421 1345 1472 carminum,
1393 1434 1501 1479 quae
1535 1435 1612 1478 per
1653 1420 1891 1478 complures
1928 1432 2062 1463 annos
2096 1420 2175 1462 nisi
2218 1417 2333 1461 aliud
2378 1429 2504 1474 agens
2538 1429 2627 1460 non

240 1495 470 1550 attigeram,
505 1495 893 1551 interpretationem
921 1494 1176 1553 aggredienti
1202 1498 1378 1554 primum
1406 1496 1503 1539 mihi
1524 1495 1801 1554 Peerlkampii
1831 1495 1980 1549 editio,
2022 1509 2145 1553 quam
2172 1494 2281 1540 fama
2307 1500 2467 1538 tantum
2494 1506 2626 1537 nove·

238 1585 344 1622 ram,
386 1573 428 1613 in
461 1585 607 1614 manus
644 1574 845 1624 venisset,
892 1573 1086 1616 exhorrui
1122 1588 1256 1630 paene
1272 1607 1284 1627 ,
1331 1581 1505 1633 quantas
1550 1573 1619 1617 ille
1654 1581 1808 1631 strages
1853 1571 2052 1615 edidisset
2086 1586 2303 1624 versuum,
2346 1571 2625 1629 stropharum,

238 1649 480 1701 carminum,
517 1651 737 1707 primoque
767 1664 835 1692 me
862 1648 998 1700 fatcor
1027 1649 1285 1695 damnatoria
1313 1653 1403 1695 eius
1428 1649 1578 1694 iudicia
1604 1666 1693 1694 non
1713 1652 1802 1693 sine
1826 1649 1956 1693 multa
1984 1649 2132 1706 legisse
2158 1649 2411 1706 suspicione.
2467 1647 2629 1704 Quam-

238 1738 362 1782 quam
392 1726 500 1767 euim
528 1739 583 1768 ex
609 1740 697 1782 quo
725 1727 817 1783 ipse
843 1725 1031 1770 iudicare
1066 1726 1294 1771 didiceram
1322 1727 1451 1771 multa
1481 1728 1644 1771 Horatii
1672 1729 1851 1770 carmina
1886 1740 1952 1769 me
1986 1739 2075 1769 non
2107 1721 2360 1784 magnopere
2395 1718 2626 1775 tenuerant,

236 1803 392 1859 quippe
427 1803 469 1844 in
505 1801 658 1859 quibus
697 1817 820 1859 quam
856 1805 1027 1860 primam
1072 1805 1115 1847 in
1149 1807 1277 1862 poeta
1323 1806 1559 1862 quaerimus
1597 1804 1678 1847 vim
1722 1805 1928 1861 poeticam
1965 1803 2204 1860 saepissime
2237 1801 2544 1854 desiderarem,
2584 1806 2626 1843 et

238 1881 428 1922 universa
459 1893 550 1921 mea
598 1879 653 1922 de
685 1880 866 1923 Horatio
894 1884 1023 1938 poeta
1055 1881 1194 1939 lyrico
1231 1884 1435 1925 sententia
1470 1880 1779 1939 propemodum
1816 1895 1909 1923 cum
1947 1879 2143 1923 Teuffelii
2179 1878 2355 1931 iudicio,
2397 1877 2516 1936 quod
2549 1890 2626 1920 nu-

234 1958 411 2011 perrime
438 1970 492 2000 ex
519 1958 607 1999 eiua
636 1957 784 2000 libello
813 1959 885 2013 qui
915 1959 1239 2002 Gharaktemzmz·
1264 1962 1333 2003 des
1358 1963 1498 2002 Horas
1534 1958 1774 2001 inscribitur
1802 1960 2000 2014 cognovi,
2027 1964 2298 2013 congruerat,
2331 1963 2460 2014 atque
2485 1961 2625 1997 assuta

235 2031 440 2089 quaedam
467 2032 548 2077 illis
573 2033 706 2077 aliena
729 2048 853 2078 manu
870 2049 964 2078 esse
982 2035 1260 2080 additamenta
1288 2052 1384 2080 cum
1413 2036 1480 2080 alii
1507 2036 1756 2088 iudicarant,
1784 2041 1869 2078 tum
1894 2036 1983 2092 ipse
1998 2048 2240 2091 persuasum
2263 2032 2488 2093 habebam,
2516 2045 2625 2075 nun-

233 2122 356 2165 quam
379 2116 514 2153 tamen
533 2117 596 2153 tot
622 2113 826 2168 tantisque
848 2112 1242 2170 interpolationibus
1262 2115 1366 2158 haec
1382 2117 1561 2158 carmina
1584 2114 1712 2157 fuisse
1731 2112 1917 2157 obnoxia
1937 2114 2169 2169 suspicatus
2186 2124 2307 2154 eram.
2348 2112 2490 2169 Atque
2504 2109 2624 2154 initio

234 2184 404 2243 quidem
428 2200 507 2243 ego
528 2186 617 2230 aliis
641 2192 816 2244 negotiis
841 2191 1062 2247 impeditus
1083 2194 1126 2235 in
1152 2192 1259 2235 hanc
1282 2206 1370 2235 rem
1395 2194 1529 2235 minus
1554 2198 1748 2235 accurate
1767 2192 1981 2248 inquisivi,
2008 2189 2247 2247 praesertim
2272 2201 2366 2231 cum
2389 2190 2433 2231 in
2452 2187 2628 2231 secundi

232 2260 327 2305 libri
362 2277 485 2319 quem
522 2264 633 2308 forte
672 2265 928 2322 explicabam
968 2269 1218 2312 carminibus
1255 2269 1400 2312 decem
1437 2268 1648 2325 prioribus
1680 2268 1988 2324 Peerlkampius
2022 2268 2156 2309 minus
2185 2267 2364 2309 saevisse
2398 2265 2626 2309 videretur.

232 2338 327 2386 Nec
362 2347 497 2383 tamen
532 2357 598 2384 me
637 2341 822 2398 fugiebat
863 2358 948 2388 non
978 2359 1110 2401 pauca
1145 2345 1200 2388 ab
1229 2360 1281 2389 eo
1322 2353 1436 2388 recte
1471 2344 1734 2403 reprebendi.
1797 2343 1886 2387 Sed
1914 2358 2008 2386 cum
2036 2343 2139 2385 baec
2165 2356 2233 2385 res
2259 2341 2473 2399 paullatim
2500 2344 2628 2399 magis

231 2418 443 2473 magisque
468 2432 536 2461 me
563 2419 829 2478 adv-ertisset,
870 2421 1042 2466 simulac
1076 2422 1203 2466 feriae
1230 2408 1386 2467 Christi
1426 2422 1621 2466 natalium
1657 2421 1936 2474 advenerunt,
1982 2421 2068 2464 hoc
2094 2418 2194 2462 mihi
2222 2420 2406 2462 muneris
2434 2420 2627 2478 imposui,

233 2501 278 2537 ut
314 2495 587 2554 Peerlkampii
624 2498 778 2542 iudicia
816 2513 939 2556 quam
975 2514 1150 2557 possem
1189 2500 1497 2560 diligentissime
1527 2499 1798 2558 explorarem.
1871 2498 1918 2540 ln
1953 2511 2041 2555 quo
2077 2499 2248 2555 negotio
2287 2511 2341 2541 ne
2369 2496 2481 2540 illius
2509 2510 2628 2554 argu·

232 2574 378 2613 mentis
406 2587 541 2615 meum
571 2576 768 2616 iudicium
799 2585 1204 2633 praeoccuparetur,
1241 2580 1296 2619 ita
1324 2592 1410 2619 rem
1440 2579 1615 2628 institui,
1655 2584 1701 2618 ut
1728 2577 1863 2632 primo
1889 2573 2048 2631 singula
2084 2576 2266 2616 carmina
2303 2581 2461 2616 attente
2487 2573 2628 2631 legens

230 2651 320 2705 ipse
356 2651 457 2705 quid
495 2652 676 2695 Horatio
715 2668 801 2696 non
841 2662 986 2711 posset
1026 2655 1192 2712 dignum
1229 2659 1445 2699 existimari
1483 2657 1750 2713 inquirerem,
1796 2661 1836 2695 et
1872 2667 1982 2708 quae
2018 2659 2220 2709 suspecta
2257 2660 2329 2695 aut
2363 2653 2502 2709 spuria
2529 2651 2629 2694 mihi

230 2726 469 2771 viderentur
512 2736 722 2781 notarem,
782 2739 868 2774 tum
910 2731 1186 2791 Peerlkampii
1220 2735 1530 2777 annotationem
1567 2732 1743 2789 legerem
1778 2737 1819 2773 et
1852 2731 2142 2773 examinarem.
2227 2729 2330 2786 Quo
2365 2728 2496 2773 modo
2532 2743 2626 2772 cum

230 2811 430 2860 quattuor
456 2808 683 2850 carminum
712 2807 847 2851 libros
877 2808 1169 2862 absolvissem,
1208 2812 1423 2854 interiecto
1445 2810 1542 2868 plus
1579 2815 1792 2852 menstruo
1821 2814 2031 2865 tempore,
2066 2809 2225 2851 omisso
2258 2814 2301 2850 et
2334 2806 2624 2865 Peerlkampio

232 2888 273 2923 et
300 2896 391 2925 mea
418 2885 701 2937 annotatione,
729 2885 844 2928 aliud
869 2886 1031 2930 Horatii
1047 2886 1255 2944 exemplar
1273 2889 1429 2945 sumpsi
1452 2889 1711 2944 repetitaque
1734 2885 1916 2929 lectione
1936 2886 2086 2928 iterum
2111 2886 2253 2928 notavi
2270 2898 2377 2942 quae
2400 2898 2468 2927 me
2492 2882 2625 2927 offen-

228 2957 387 3002 derent.
446 2961 553 3003 Tum
576 2968 797 3019 utramque
819 2965 1075 3007 notationem
1102 2978 1349 3022 comparans
1369 2979 1464 3008 cum
1489 2964 1738 3022 plerumque
1761 2977 1829 3006 me
1851 2962 1960 3006 idem
1986 2966 2028 3005 in
2051 2969 2227 3020 utraque
2250 2961 2431 3005 lectione
2449 2964 2626 3005 sensisse

227 3034 434 3090 viderem,
476 3037 649 3082 fuerunt
684 3045 821 3083 tamen
862 3043 984 3086 etiam
1032 3048 1073 3084 et
1109 3057 1217 3099 quae
1253 3044 1295 3085 in
1330 3043 1472 3099 priore
1509 3042 1691 3085 lectione
1724 3043 1764 3085 in
1799 3042 2078 3098 suspicionem
2112 3054 2326 3083 vocassem
2360 3045 2431 3082 aut
2458 3037 2622 3083 damna·

229 3113 400 3165 vissem,
428 3115 470 3158 in
494 3115 624 3158 altera
648 3117 801 3160 intacta
829 3117 1111 3176 reliquissem,
1151 3126 1192 3162 et
1216 3134 1326 3176 quae
1350 3134 1445 3163 cum
1473 3122 1591 3178 prins
1611 3134 1680 3163 me
1702 3132 1790 3164 non
1816 3118 2110 3171 offendissent,
2135 3124 2282 3175 postea
2300 3116 2627 3174 reprehensione

227 3188 347 3245 digna
375 3199 517 3235 essent
542 3195 642 3237 visa.
698 3194 789 3236 Etsi
820 3197 958 3239 autem
987 3211 1252 3254 nequaquam
1281 3200 1372 3239 iam.
1389 3197 1547 3254 ubique
1575 3197 1674 3240 mihi
1702 3211 1846 3240 verum
1875 3199 2080 3239 invenisse
2107 3193 2271 3244 videor,
2299 3194 2373 3235 sed
2403 3194 2512 3237 banc
2539 3210 2627 3239 rem

227 3268 377 3311 iterum
403 3271 640 3327 iterumque
668 3271 972 3327 explorandam
1001 3289 1179 3327 censeo,
1215 3283 1370 3326 tantum
1401 3283 1538 3318 tamen
1563 3278 1643 3318 iam
1672 3288 1786 3317 nunc
1813 3275 1911 3317 mibi
1938 3275 2141 3329 persuasi,
2174 3285 2320 3313 revera
2342 3272 2476 3316 multo
2506 3273 2628 3330 plura

225 3357 348 3400 quam
376 3345 504 3405 vulg'o
533 3350 799 3405 suspicantur
829 3349 1009 3395 Horatio
1038 3351 1171 3396 aliena
1199 3367 1323 3396 manu
1352 3366 1444 3396 esse
1474 3351 1657 3402 adiectu
1695 3351 1811 3409 quod
1842 3348 2063 3408 quomodo
2080 3348 2181 3392 'fieri
2209 3351 2414 3406 potuerit,
2445 3358 2491 3394 ut
2517 3349 2626 3396 adeo

129 3433 136 3439 ·
224 3427 314 3463 tota
342 3425 521 3467 carmina
548 3424 608 3468 illi
634 3425 744 3470 falso
762 3423 1124 3482 adscriberentur,
1153 3430 1464 3487 Peerlkampius
1488 3432 1529 3475 in
1553 3429 1730 3488 epistola
1751 3427 1804 3472 ad
1823 3428 2070 3471 Descurium
2092 3426 2271 3470 Horatio
2295 3441 2376 3471 suo
2405 3430 2626 3485 praemissa

2027 3505 2091 3550 l?
