2905 3773
273 504 411 549 alieno
447 506 546 550 loco
583 509 858 551 sententiosae
891 508 1115 565 sapientiae
1149 508 1314 552 videtur
1346 509 1565 553 indulsisse
1598 525 1677 561 nec
1714 526 1766 554 eo
1802 512 1900 553 satis
1937 525 2063 567 posse
2097 514 2282 555 excusari
2311 510 2429 569 quod
2465 513 2640 568 Augusti

274 581 580 641 Neronemque
599 582 793 628 laudibus
810 583 893 640 hoc
908 583 1038 628 modo
1055 585 1260 629 immorari
1277 587 1467 630 voluerit.
1525 587 1692 631 Certius
1710 600 1809 630 sane
1825 594 1866 630 et
1885 585 2045 630 facilius
2059 586 2251 631 iudicium
2277 596 2341 632 est
2366 587 2422 631 de
2448 587 2638 632 versibus

269 660 456 712 ‘sl—48,
485 659 539 702 de
567 660 718 717 quibus
741 660 1045 718 Peerlkampius
1070 664 1130 705 sic
1147 662 1345 719 disputate
1375 666 1509 712 »Qui
1525 667 1729 718 primus
1753 667 1888 707 alma
1914 666 2044 706 risit
2067 665 2264 722 ado-rea.
2319 668 2455 708 Glossa
2475 669 2639 720 poema

271 739 540 791 grasnmatici
563 740 584 779 i
588 725 710 780 nuni
736 739 866 781 diem
888 732 1138 793 eaplicantis.
1193 743 1252 783 Et
1271 741 1444 792 observa,
1464 743 1670 795 plurimas
1687 744 1840 795 glossas
1865 755 1893 782 a
1911 753 2005 782 voce
2029 743 2122 793 qui
2146 743 2339 795 incipere,
2363 745 2482 784 cuius
2506 746 2574 785 rei
2588 746 2638 786 in

273 816 447 856 Horatio
472 816 605 858 multa
630 816 808 858 vidimus
833 817 1031 870 exetana,
1057 823 1098 860 et
1123 820 1171 859 in
1195 819 1269 861 hoc
1293 820 1382 872 ipso
1408 820 1589 861 carmine
1613 832 1651 860 v.
1683 819 1744 861 18.
1796 820 1937 872 Neque
1969 817 2077 859 mihi
2089 818 2233 871 ‚placet
2264 818 2394 860 alma
2427 821 2634 870 adorea,

267 905 395 944 neque
416 892 549 945 glossa
574 906 671 934 vera
697 899 765 935 est.
820 895 939 937 Dicit
965 895 1074 934 enim
1099 900 1259 941 auctor,
1285 897 1499 937 victoriam
1525 896 1640 949 apud
1661 896 1902 936 Metaurum
1916 894 2062 947 fuisse
2082 895 2267 947 primam
2273 924 2289 944 ,
2316 907 2437 946 quam
2456 897 2637 937 Itoniani

266 970 585 1022 reportaverint,
613 983 663 1009 ex
689 983 768 1022 quo
794 964 1006 1011 Hannibal
1028 971 1076 1009 in
1101 971 1265 1011 Italiam
1290 973 1413 1011 venit.
1467 972 1598 1023 Atqui
1609 977 1781 1017 constat,
1807 973 1892 1011 iam
1918 984 1956 1011 a.
1989 972 2036 1012 U.
2065 984 2099 1011 c.
2119 970 2213 1012 538.
2236 976 2280 1011 et
2298 969 2453 1023 duobus
2476 983 2635 1022 seques»
2714 1024 2717 1028 .

268 1041 375 1084 tibus
401 1044 555 1085 Poenos
581 1058 608 1085 a
633 1044 694 1085 M
726 1043 894 1087 Claudio
919 1044 1116 1087 Marcello
1132 1051 1324 1098 praetore
1342 1047 1457 1099 apud
1472 1047 1619 1088 Nolam
1632 1047 1777 1100 fuisse
1794 1048 2048 1101 profligatos.
2107 1045 2247 1087 Clades
2260 1045 2377 1098 apud
2395 1047 2635 1095 Metaurum

268 1120 420 1161 acct'tlit
443 1135 482 1161 a.
517 1121 562 1161 U.
590 1135 622 1161 c.
649 1118 741 1161 546.
801 1120 1024 1161 Marcellus
1051 1122 1192 1173 prima
1222 1123 1395 1163 victoria
1428 1123 1589 1164 Nolana
1624 1124 1766 1164 docuit
1796 1120 2069 1162 Hannibalem
2100 1122 2216 1162 vinci
2242 1134 2375 1173 posse,
2411 1137 2539 1175 eaque
2573 1138 2636 1164 res

265 1197 465 1239 Romanis
491 1197 540 1239 de
564 1211 611 1239 re
635 1210 789 1240 summa
802 1197 907 1252 sere
932 1197 1017 1238 tam
1044 1196 1344 1252 desperantibus
1368 1199 1549 1240 animum
1575 1199 1767 1242 reddidit.
1822 1199 1965 1250 Itaque
1984 1197 2174 1239 historici
2196 1196 2282 1239 dies
2301 1196 2479 1241 Nolanos
2494 1199 2637 1242 mltis

266 1273 452 1317 laudibus
474 1274 785 1318 celebraverunt.
841 1274 936 1315 Liv.
962 1273 1130 1318 XXIII.
1150 1274 1215 1317 16.
1271 1275 1475 1318 Plutarch.
1495 1276 1678 1318 MarceH.
1699 1289 1732 1317 c.
1757 1274 1819 1316 ll.
1841 1279 1943 1316 extr.
1967 1274 2097 1317 Valer.
2117 1274 2236 1317 Max.
2267 1274 2303 1316 I.
2324 1272 2377 1325 6.,
2405 1275 2443 1317 9.
2500 1276 2637 1329 Atque

265 1352 347 1392 ista
373 1353 554 1393 victoria
578 1352 739 1393 Nolana
765 1357 848 1393 tam
876 1349 1012 1404 crebro
1039 1356 1080 1392 et
1101 1357 1223 1405 grato
1248 1354 1422 1394 omnium
1454 1367 1635 1395 sermone
1659 1351 1954 1405 usurpabatur,
1988 1357 2040 1392 ut
2056 1352 2352 1405 propemodum
2379 1367 2443 1394 res
2469 1356 2517 1395 in
2540 1367 2636 1408 pro-

263 1427 444 1467 verbium
480 1428 637 1468 abierit.
696 1428 776 1469 Cic.
812 1430 933 1468 Brut.
968 1428 1007 1468 8.
1070 1430 1238 1468 Hieron.
1263 1432 1338 1481 Ep.
1373 1430 1433 1470 7.-
1502 1429 1623 1484 Quae
1642 1435 1804 1468 -contra
1839 1428 1942 1468 haec
1970 1427 2155 1469 Orellius
2195 1427 2312 1475 dicit,
2350 1428 2451 1468 nihil
2487 1429 2635 1469 valent.

262 1503 421 1545 Dixerit
448 1502 624 1545 fortasse
652 1504 852 1559 quispiam
882 1501 1047 1545 Claudii
1078 1503 1258 1545 Neronis
1283 1505 1497 1546 victoriam
1524 1503 1622 1546 ideo
1646 1505 1815 1559 primam
1844 1517 1897 1545 ex
1927 1517 2015 1560 quo
2035 1503 2247 1563 'Hannibal
2274 1506 2317 1545 in
2343 1504 2499 1545 ltaliam
2524 1507 2638 1546 inva-

264 1580 365 1621 serit
393 1579 611 1636 appellari‚
640 1581 736 1637 quia
759 1580 889 1636 prima
916 1578 984 1622 illa
1010 1580 1109 1621 tanti
1134 1581 1330 1622 momenti
1357 1579 1492 1632 fuerit,
1520 1588 1566 1623 ut
1583 1579 1788 1623 Hannibal
1806 1578 1858 1621 de
1879 1577 2007 1621 rebus
2024 1580 2114 1622 suis
2143 1578 2366 1636 desperare
2393 1587 2634 1637 cogeretur;

261 1655 335 1698 sed
363 1656 446 1698 hoc
474 1658 602 1698 totius
629 1655 713 1698 loci
741 1658 846 1699 ratio
875 1668 958 1698 non
985 1654 1169 1699 admittit.
1198 1681 1242 1689 —
1303 1657 1452 1699 Iniuria
1480 1656 1631 1700 deinde
1659 1656 1964 1711 Peerlkampius
1988 1656 2257 1712 ἀκυρολογὶαν
2278 1658 2486 1713 vituperat
2516 1657 2633 1713 quod

265 1733 427 1776 flamma
455 1733 618 1775 dicatur
644 1747 721 1789 per
747 1731 887 1775 taedas
913 1736 1125 1788 equitasse,
1153 1732 1206 1775 ad
1234 1733 1351 1791 quod
1379 1735 1475 1776 satis
1502 1733 1716 1791 respondit
1743 1732 1938 1775 Orellius,
1994 1733 2129 1788 Pergit
2156 1732 2226 1775 ille
2253 1733 2307 1775 ad
2333 1749 2401 1775 vv.
2428 1735 2496 1778 45.
2518 1749 2632 1793 sqq.:

265 1813 461 1853 »Horatii
485 1813 687 1853 sententia
713 1816 794 1852 est.-
835 1812 1016 1853 Victoria
1041 1812 1156 1864 apud
1179 1813 1419 1853 Metaurum
1444 1815 1604 1855 animos
1627 1811 1856 1853 Hannibali
1868 1810 2033 1864 fregit,
2067 1816 2108 1851 et
2134 1811 2297 1852 tandem
2323 1812 2454 1853 daz-it:
2496 1814 2636 1854 »Victi

264 1903 291 1930 a
316 1889 429 1931 nobis
456 1890 572 1929 toties
599 1889 781 1929 Romani
811 1902 884 1928 nos
915 1890 1058 1930 vicere.
1120 1890 1268 1929 Actum
1301 1890 1352 1931 de
1383 1889 1498 1930 nobis
1530 1896 1591 1931 est
1611 1889 1864 1931 Hasdrubale
1896 1889 2144 1928 interemta«
2211 1888 2323 1934 Quae
2349 1895 2444 1941 post
2479 1890 2631 1930 cladem

265 1965 533 2008 Hasdrubalis
567 1966 769 2014 accidere,
802 1978 886 2005 non
919 1965 1000 2006 huc
1025 1967 1241 2018 pertinent
1271 1972 1313 2007 et
1343 1965 1393 2007 ab
1427 1968 1611 2008 oratione
1641 1965 1888 2006 Hannibalis
1920 1965 2057 2004 aliena
2086 1969 2194 2006 sunt.
2250 1965 2409 2018 Agitur
2434 1967 2485 2006 de
2509 1967 2632 2006 laude

268 2044 434 2088 Claudii
458 2044 652 2093 Neronis,
679 2056 763 2083 non
789 2043 965 2085 aliorum
993 2044 1306 2096 imperatorum,
1333 2045 1409 2097 qui
1425 2049 1521 2097 post
1547 2044 1747 2085 Neronem
1768 2042 1979 2095 praeclare
2003 2041 2052 2082 de
2074 2043 2217 2094 patria
2241 2044 2384 2083 meriti
2405 2049 2514 2084 sunt.
2570 2044 2633 2084 Ne

264 2122 397 2164 dicam
424 2134 541 2173 quam
564 2119 718 2160 humile
738 2120 793 2160 sit
818 2118 891 2160 hoc
913 2118 997 2160 Ioco
1016 2124 1136 2172 post
1158 2119 1255 2161 hoc.
1272 2143 1324 2152 —
1378 2121 1607 2163 Romana
1625 2118 1784 2173 pubes
1807 2119 1979 2159 crevit.
2034 2118 2277 2160 Scholiastae
2302 2120 2633 2173 interpretantur

258 2200 418 2240 Roma
455 2198 635 2238 crevit.
698 2198 756 2237 Et
791 2195 887 2236 bene
920 2196 1126 2238 diceretur
1159 2197 1318 2237 Roma
1351 2211 1589 2238 crescere.
1653 2196 1737 2237 Sed
1761 2193 1916 2248 pubes
1948 2194 2182 2235 Romana
2214 2196 2370 2236 Latine
2394 2202 2635 2250 nonpotest

259 2275 496 2331 significare
513 2274 728 2316 Romam.
783 2275 858 2315 Est
874 2273 982 2315 enaim
1007 2273 1272 2314 exercitus
1296 2273 1553 2316 Romanus
1577 2270 1954 2314 exadolescentibus
1968 2272 2221 2325 compositus,
2248 2277 2297 2313 ut
2318 2272 2516 2316 TibulLI.
2536 2272 2574 2316 7.
2591 2272 2630 2316 5.

260 2355 348 2395 Iam
377 2339 641 2394 exercitus
668 2352 864 2392 crescit
896 2350 1080 2392 secundis
1105 2349 1305 2391 laboribus
1331 2356 1430 2391 esset
1454 2352 1654 2392 exercitus
1685 2361 1892 2389 numero
1926 2353 2156 2402 augetur.
2218 2350 2428 2390 Latinum
2464 2355 2525 2390 est
2557 2365 2635 2390 res

262 2431 493 2470 Romana
520 2430 702 2476 crevit,
742 2427 1001 2481 nonpubes
1028 2428 1264 2468 Romana.
1339 2429 1393 2468 Ut
1427 2428 1576 2467 Graece
1609 2428 1757 2480 Eur-ip.
1785 2425 1926 2477 Suppl.
1954 2424 2046 2465 323.
2073 2426 2222 2478 patria
2256 2423 2302 2465 ἐν
2337 2427 2425 2471 τοῖς
2457 2426 2635 2467 πόνοισιν

256 2504 433 2554 αὔξεται.
490 2505 631 2560 (Quae
660 2510 804 2546 contra
834 2503 938 2547 hanc
964 2504 1211 2546 verissimam
1248 2503 1562 2559 disputationem
1599 2516 1647 2544 ex
1674 2500 1886 2543 Bosscbae
1919 2502 2260 2556 interpretatione
2289 2500 2476 2545 Orellius
2511 2502 2635 2546 affert

255 2571 385 2623 obid.
414 2580 512 2623 Her.
544 2582 621 2633 15„
650 2581 761 2624 117.:
792 2583 952 2624 Gaudet
978 2587 1019 2623 et
1044 2596 1066 2622 e
1090 2586 1227 2623 nostro
1252 2582 1443 2623 crescit
1465 2593 1647 2622 maerore
1674 2579 1896 2624 Charaxus,
1925 2584 1967 2619 et
1995 2577 2086 2621 Liv.
2118 2579 2170 2620 V.
2203 2579 2287 2620 la:
2323 2581 2435 2623 Veiis
2460 2582 2630 2623 interim

256 2673 340 2700 non
366 2660 502 2700 animi
525 2664 688 2700 tantum
714 2660 762 2699 in
788 2659 883 2708 dies,
911 2658 982 2699 sed
1005 2659 1127 2699 etiam
1153 2662 1261 2699 vires
1280 2657 1516 2707 crescebemt,
1540 2669 1589 2699 ea
1612 2654 1713 2697 nihil
1739 2656 1908 2696 omnino
1935 2654 1988 2696 ad
2015 2668 2103 2697 rem
2131 2654 2314 2705 faciunt3
2340 2663 2384 2699 et
2412 2658 2626 2712 posterior

256 2734 422 2793 quidem
450 2734 570 2777 locus
599 2736 713 2776 cuius
741 2735 929 2776 sexcenti
948 2740 1125 2790 possunt
1152 2733 1292 2776 afferri
1319 2732 1468 2776 similes
1487 2732 1699 2775 ne'i'orma
1725 2730 1891 2788 quidem
1916 2730 2083 2774 dicendi
2105 2740 2227 2790 aptus
2254 2740 2326 2776 est.
2385 2732 2477 2775 Nec
2498 2741 2629 2776 tamen

257 2815 348 2856 iure
376 2811 687 2868 Peerlkampius
726 2810 887 2853 dubitat
920 2820 1015 2853 num
1051 2818 1164 2853 recte
1190 2813 1359 2853 secundi
1388 2810 1577 2852 dicantur
1607 2810 1769 2852 labores.
1828 2807 1958 2852 Certe
1986 2809 2175 2853 similiter
2202 2809 2374 2865 Quintil.
2398 2811 2447 2852 X.
2472 2812 2520 2861 7.,
2549 2812 2628 2852 17.;

255 2892 505 2935 secundos
539 2892 764 2945 impetus
799 2895 928 2943 auget
950 2888 1145 2943 placendi
1175 2889 1356 2942 cupido.)
1416 2889 1699 2930 Poenorum
1727 2888 1964 2929 tumultu.
2026 2889 2304 2930 Tumultus
2329 2888 2380 2929 de
2416 2887 2511 2930 bello
2544 2894 2629 2929 tam

257 2971 391 3012 atroci
412 2975 573 3022 tamque
588 2968 788 3009 diuturno
802 2953 965 3009 verbum
988 2967 1121 3008 lenius
1142 2972 1211 3009 est.
1266 2965 1357 3017 (Ne
1384 2963 1449 3007 his
1473 2963 1639 3022 quidem
1669 2963 1857 3008 Orellius
1875 2971 1989 3007 recte
2012 2963 2290 3020 obloquitur.)
2344 2966 2490 3006 Fana
2514 2964 2629 3007 deos

253 3045 478 3097 habuere
503 3050 682 3085 rectos.
724 3044 833 3091 Quia
858 3044 929 3102 dii
938 3049 1052 3085 stant
1069 3045 1188 3090 recti,
1213 3042 1310 3084 hinc
1331 3054 1415 3084 non
1434 3042 1688 3095 intelligitur
1707 3042 1858 3096 templa
1879 3056 1961 3084 esse
1981 3043 2149 3097 resecta.
2175 3043 2266 3084 Alii
2283 3044 2610 3095 interpretantur
2617 3059 2630 3082 .-

258 3122 324 3161 dii
349 3127 391 3163 et
416 3122 549 3162 cultus
571 3122 736 3163 deorum
755 3122 968 3163 restitutus
988 3126 1046 3161 est
1068 3121 1116 3161 in
1135 3121 1356 3173 integrum,
1382 3131 1499 3160 sacra
1516 3120 1747 3161 instaurata
1768 3125 1877 3161 sunt.
1930 3121 2060 3173 Er30,
2085 3125 2135 3160 ut
2149 3118 2221 3159 hoc
2245 3123 2357 3168 utar,
2384 3119 2544 3171 Iuppi
2551 3124 2630 3160 ter

250 3203 428 3239 rectus
462 3204 540 3239 est
572 3198 779 3251 significat
813 3210 961 3240 sacra
1003 3198 1121 3240 Iovi
1159 3198 1465 3239 instaurata
1506 3198 1661 3238 sunt?
1703 3198 1798 3238 Non
1822 3200 1940 3248 puto.
2001 3196 2092 3236 Alii
2130 3194 2398 3235 emendarunt
2431 3199 2626 3238 tectos.«

255 3272 303 3315 In
329 3261 391 3316 his
419 3274 628 3328 argutatus
653 3280 716 3316 est
738 3274 800 3315 vir
815 3272 1090 3316 doctissimus.
1145 3273 1191 3315 si
1218 3272 1369 3329 templa
1386 3273 1501 3327 prius
1515 3277 1675 3314 vastata
1689 3273 1836 3314 iterum
1859 3269 1964 3313 deos
1979 3270 2132 3312 habent
2155 3276 2314 3319 rectos,
2339 3271 2365 3312 i.
2395 3283 2431 3313 e.
2456 3272 2490 3313 si
2506 3272 2630 3314 simu-

256 3350 367 3393 lacra
383 3363 492 3406 quae
505 3348 669 3394 fuerant
688 3348 849 3394 deiecta
875 3351 917 3393 iu
931 3348 1065 3394 2bases
1089 3363 1185 3393 suas
1210 3352 1394 3393 restituta
1415 3355 1521 3399 sunt,
1546 3350 1784 3413 necessario
1804 3349 1992 3403 sequitur
2003 3347 2121 3389 etiam
2148 3345 2301 3402 templa
2317 3359 2410 3390 esse
2428 3350 2626 3391 restituta.

2073 3422 2102 3463 2
